<?xml version="1.0" encoding="UTF-8"?>
<!DOCTYPE html PUBLIC "-//W3C//DTD XHTML 1.0 Transitional//EN"
    "http://www.w3.org/TR/xhtml1/DTD/xhtml1-transitional.dtd">
<html xmlns="http://www.w3.org/1999/xhtml" xml:lang="en" lang="en">
 <head>
  <title>
</title>
<meta http-equiv="Content-Type" content="text/html;charset=utf-8" />
  <meta name='ocr-system' content='tesseract 3.04.00' />
  <meta name='ocr-capabilities' content='ocr_page ocr_carea ocr_par ocr_line ocrx_word'/>
</head>
<body>
  <div class='ocr_page' id='page_1' title='image "./evangeliaapocry00tiscgoog_0010.png"; bbox 0 0 2962 4912; ppageno 0'>
   <div class='ocr_carea' id='block_1_1' title="bbox 585 561 901 631">
    <p class='ocr_par' dir='ltr' id='par_1_1' title="bbox 585 561 901 631">
     <span class='ocr_line' id='line_1_1' title="bbox 585 561 901 631; baseline -0.009 0"><span class='ocrx_word' id='word_1_1' title='bbox 585 561 704 631; x_wconf 86' lang='lat' dir='ltr'>VIRO</span> <span class='ocrx_word' id='word_1_2' title='bbox 733 561 901 629; x_wconf 84' lang='lat' dir='ltr'>SUMMO</span> 
     </span>
    </p>
   </div>
   <div class='ocr_carea' id='block_1_2' title="bbox 293 772 1192 869">
    <p class='ocr_par' dir='ltr' id='par_1_2' title="bbox 293 772 1192 869">
     <span class='ocr_line' id='line_1_2' title="bbox 293 772 1192 869; baseline 0.001 -37"><span class='ocrx_word' id='word_1_3' title='bbox 293 772 520 832; x_wconf 70' lang='lat' dir='ltr'>mulssmo</span> <span class='ocrx_word' id='word_1_4' title='bbox 542 773 827 832; x_wconf 80' lang='lat' dir='ltr'>ILLUSTRISSIMO</span> <span class='ocrx_word' id='word_1_5' title='bbox 850 773 1192 869; x_wconf 79' lang='lat' dir='ltr'><strong>EXOELLEN&#39;I&#39;ISSIMQ</strong></span> 
     </span>
    </p>
   </div>
   <div class='ocr_carea' id='block_1_3' title="bbox 137 1092 1343 1200">
    <p class='ocr_par' dir='ltr' id='par_1_3' title="bbox 137 1092 1343 1200">
     <span class='ocr_line' id='line_1_3' title="bbox 137 1092 1343 1200; baseline 0.002 -6"><span class='ocrx_word' id='word_1_6' title='bbox 137 1092 289 1196; x_wconf 91' lang='lat' dir='ltr'><strong>IOH.</strong></span> <span class='ocrx_word' id='word_1_7' title='bbox 344 1095 585 1200; x_wconf 84' lang='lat' dir='ltr'><strong>PAULO</strong></span> <span class='ocrx_word' id='word_1_8' title='bbox 643 1096 738 1197; x_wconf 84' lang='lat' dir='ltr'>DE</span> <span class='ocrx_word' id='word_1_9' title='bbox 799 1092 1343 1198; x_wconf 77' lang='lat' dir='ltr'><strong>FALKENSTEIN</strong></span> 
     </span>
    </p>
   </div>
   <div class='ocr_carea' id='block_1_4' title="bbox 186 1280 1304 1502">
    <p class='ocr_par' dir='ltr' id='par_1_4' title="bbox 186 1280 1304 1502">
     <span class='ocr_line' id='line_1_4' title="bbox 186 1280 1304 1329; baseline 0.001 -12"><span class='ocrx_word' id='word_1_10' title='bbox 186 1280 397 1319; x_wconf 68' lang='lat' dir='ltr'>mummulo</span> <span class='ocrx_word' id='word_1_11' title='bbox 419 1280 486 1320; x_wconf 71' lang='lat' dir='ltr'>saal</span> <span class='ocrx_word' id='word_1_12' title='bbox 508 1281 643 1320; x_wconf 74' lang='lat' dir='ltr'>suom</span> <span class='ocrx_word' id='word_1_13' title='bbox 665 1283 683 1320; x_wconf 82' lang='grc' dir='ltr'><strong>Δ</strong></span> <span class='ocrx_word' id='word_1_14' title='bbox 704 1281 810 1320; x_wconf 79' lang='lat' dir='ltr'>sums</span> <span class='ocrx_word' id='word_1_15' title='bbox 831 1280 927 1319; x_wconf 71' lang='lat' dir='ltr'>uum</span> <span class='ocrx_word' id='word_1_16' title='bbox 948 1280 1133 1319; x_wconf 69' lang='lat' dir='ltr'>munuera</span> <span class='ocrx_word' id='word_1_17' title='bbox 1154 1280 1304 1329; x_wconf 70' lang='lat' dir='ltr'>ffl&#39;fflfl,</span> 
     </span>
     <span class='ocr_line' id='line_1_5' title="bbox 211 1366 1273 1415; baseline 0.001 -11"><span class='ocrx_word' id='word_1_18' title='bbox 211 1366 306 1405; x_wconf 67' lang='lat' dir='ltr'>St&#39;lssss</span> <span class='ocrx_word' id='word_1_19' title='bbox 323 1366 446 1406; x_wconf 71' lang='lat' dir='ltr'>murus</span> <span class='ocrx_word' id='word_1_20' title='bbox 463 1367 664 1406; x_wconf 72' lang='lat' dir='ltr'>Bccusnsulcr</span> <span class='ocrx_word' id='word_1_21' title='bbox 681 1367 759 1406; x_wconf 73' lang='lat' dir='ltr'>NUNC</span> <span class='ocrx_word' id='word_1_22' title='bbox 778 1368 918 1415; x_wconf 77' lang='lat' dir='ltr'>rmsml,</span> <span class='ocrx_word' id='word_1_23' title='bbox 937 1366 1125 1407; x_wconf 67' lang='lat' dir='ltr'>contum</span> <span class='ocrx_word' id='word_1_24' title='bbox 1142 1366 1273 1406; x_wconf 70' lang='lat' dir='ltr'>omnmo!</span> 
     </span>
     <span class='ocr_line' id='line_1_6' title="bbox 316 1453 1171 1502; baseline 0.001 -11"><span class='ocrx_word' id='word_1_25' title='bbox 316 1453 498 1502; x_wconf 62' lang='lat' dir='ltr'>naulorum</span> <span class='ocrx_word' id='word_1_26' title='bbox 516 1454 653 1493; x_wconf 71' lang='lat' dir='ltr'>susumus</span> <span class='ocrx_word' id='word_1_27' title='bbox 671 1454 832 1493; x_wconf 73' lang='lat' dir='ltr'>molamus</span> <span class='ocrx_word' id='word_1_28' title='bbox 851 1454 1011 1501; x_wconf 69' lang='lat' dir='ltr'>DRCOBATO,</span> <span class='ocrx_word' id='word_1_29' title='bbox 1032 1455 1092 1493; x_wconf 66' lang='grc' dir='ltr'>ΕΝ.</span> <span class='ocrx_word' id='word_1_30' title='bbox 1111 1453 1171 1493; x_wconf 75' lang='lat' dir='ltr'>Rue.</span> 
     </span>
    </p>
   </div>
   <div class='ocr_carea' id='block_1_5' title="bbox 689 1882 801 1922">
    <p class='ocr_par' dir='ltr' id='par_1_5' title="bbox 689 1882 801 1922">
     <span class='ocr_line' id='line_1_7' title="bbox 689 1882 801 1922; baseline 0.009 -3"><span class='ocrx_word' id='word_1_31' title='bbox 689 1883 712 1922; x_wconf 80' lang='lat' dir='ltr'>S.</span> <span class='ocrx_word' id='word_1_32' title='bbox 730 1882 756 1922; x_wconf 74' lang='grc' dir='ltr'>Ρ.</span> <span class='ocrx_word' id='word_1_33' title='bbox 773 1883 801 1920; x_wconf 77' lang='grc' dir='ltr'>Ι).</span> 
     </span>
    </p>
   </div>
   <div class='ocr_carea' id='block_1_6' title="bbox 381 2101 1111 2199">
    <p class='ocr_par' dir='ltr' id='par_1_6' title="bbox 381 2101 1111 2199">
     <span class='ocr_line' id='line_1_8' title="bbox 381 2101 1111 2199; baseline -0.003 -29"><span class='ocrx_word' id='word_1_34' title='bbox 381 2101 742 2199; x_wconf 77' lang='lat' dir='ltr'>CONSTANTINUS</span> <span class='ocrx_word' id='word_1_35' title='bbox 764 2102 1111 2171; x_wconf 80' lang='lat' dir='ltr'>TISCHENDORF.</span> 
     </span>
    </p>
   </div>
   <div class='ocr_carea' id='block_1_7' title="bbox 228 2667 1461 2752">
    <p class='ocr_par' dir='ltr' id='par_1_7' title="bbox 228 2667 1461 2752">
     <span class='ocr_line' id='line_1_9' title="bbox 228 2667 1461 2752; baseline 0.002 -19"><span class='ocrx_word' id='word_1_36' title='bbox 228 2668 282 2733; x_wconf 81' lang='lat' dir='ltr'>Ex</span> <span class='ocrx_word' id='word_1_37' title='bbox 298 2689 363 2751; x_wconf 91' lang='lat' dir='ltr'>quo</span> <span class='ocrx_word' id='word_1_38' title='bbox 383 2668 526 2751; x_wconf 88' lang='lat' dir='ltr'>primum</span> <span class='ocrx_word' id='word_1_39' title='bbox 543 2673 691 2751; x_wconf 88' lang='lat' dir='ltr'>tempore</span> <span class='ocrx_word' id='word_1_40' title='bbox 710 2667 856 2734; x_wconf 83' lang='lat' dir='ltr'>animum</span> <span class='ocrx_word' id='word_1_41' title='bbox 873 2668 1024 2752; x_wconf 85' lang='lat' dir='ltr'>viresque</span> <span class='ocrx_word' id='word_1_42' title='bbox 1044 2668 1191 2752; x_wconf 85' lang='lat' dir='ltr'>applicui</span> <span class='ocrx_word' id='word_1_43' title='bbox 1209 2668 1251 2734; x_wconf 86' lang='lat' dir='ltr'>ad</span> <span class='ocrx_word' id='word_1_44' title='bbox 1268 2690 1344 2752; x_wconf 89' lang='lat' dir='ltr'>pro·</span> <span class='ocrx_word' id='word_1_45' title='bbox 1458 2686 1461 2691; x_wconf 85' lang='grc'><strong>’</strong></span> 
     </span>
    </p>
   </div>
   <div class='ocr_carea' id='block_1_8' title="bbox 142 2805 1389 3274">
    <p class='ocr_par' dir='ltr' id='par_1_8' title="bbox 142 2805 1389 3274">
     <span class='ocr_line' id='line_1_10' title="bbox 142 2805 1344 2889; baseline 0.002 -19"><span class='ocrx_word' id='word_1_46' title='bbox 142 2806 304 2871; x_wconf 83' lang='lat' dir='ltr'>movenda</span> <span class='ocrx_word' id='word_1_47' title='bbox 328 2805 469 2870; x_wconf 83' lang='lat' dir='ltr'>fontium</span> <span class='ocrx_word' id='word_1_48' title='bbox 492 2826 660 2870; x_wconf 86' lang='lat' dir='ltr'>sacrorum</span> <span class='ocrx_word' id='word_1_49' title='bbox 685 2805 804 2887; x_wconf 89' lang='lat' dir='ltr'>studia,</span> <span class='ocrx_word' id='word_1_50' title='bbox 827 2805 861 2870; x_wconf 92' lang='lat' dir='ltr'>in</span> <span class='ocrx_word' id='word_1_51' title='bbox 883 2807 999 2889; x_wconf 89' lang='lat' dir='ltr'>primis</span> <span class='ocrx_word' id='word_1_52' title='bbox 1017 2805 1070 2872; x_wconf 80' lang='lat' dir='ltr'>Tu</span> <span class='ocrx_word' id='word_1_53' title='bbox 1092 2812 1232 2872; x_wconf 87' lang='lat' dir='ltr'>conatus</span> <span class='ocrx_word' id='word_1_54' title='bbox 1254 2826 1344 2875; x_wconf 86' lang='lat' dir='ltr'>meos</span> 
     </span>
     <span class='ocr_line' id='line_1_11' title="bbox 143 2931 1344 3017; baseline 0.002 -19"><span class='ocrx_word' id='word_1_55' title='bbox 143 2934 254 2999; x_wconf 82' lang='lat' dir='ltr'>favore</span> <span class='ocrx_word' id='word_1_56' title='bbox 275 2932 411 2998; x_wconf 91' lang='lat' dir='ltr'>consilio</span> <span class='ocrx_word' id='word_1_57' title='bbox 432 2933 630 2998; x_wconf 84' lang='lat' dir='ltr'>auctoritate</span> <span class='ocrx_word' id='word_1_58' title='bbox 648 2932 812 2998; x_wconf 84' lang='lat' dir='ltr'>adiuvisti.</span> <span class='ocrx_word' id='word_1_59' title='bbox 846 2931 1001 2999; x_wconf 84' lang='lat' dir='ltr'>Necfers</span> <span class='ocrx_word' id='word_1_60' title='bbox 1018 2934 1140 3016; x_wconf 89' lang='lat' dir='ltr'>estqui</span> <span class='ocrx_word' id='word_1_61' title='bbox 1158 2955 1218 3017; x_wconf 86' lang='lat' dir='ltr'>per</span> <span class='ocrx_word' id='word_1_62' title='bbox 1232 2955 1344 3002; x_wconf 86' lang='lat' dir='ltr'>omues</span> 
     </span>
     <span class='ocr_line' id='line_1_12' title="bbox 142 3058 1343 3145; baseline 0.003 -21"><span class='ocrx_word' id='word_1_63' title='bbox 142 3082 252 3126; x_wconf 85' lang='lat' dir='ltr'>rerum</span> <span class='ocrx_word' id='word_1_64' title='bbox 275 3082 370 3126; x_wconf 88' lang='lat' dir='ltr'>casus</span> <span class='ocrx_word' id='word_1_65' title='bbox 392 3060 434 3125; x_wconf 86' lang='lat' dir='ltr'>ad</span> <span class='ocrx_word' id='word_1_66' title='bbox 455 3058 543 3127; x_wconf 88' lang='lat' dir='ltr'>hunc</span> <span class='ocrx_word' id='word_1_67' title='bbox 564 3081 669 3144; x_wconf 88' lang='lat' dir='ltr'>usque</span> <span class='ocrx_word' id='word_1_68' title='bbox 693 3060 779 3126; x_wconf 87' lang='lat' dir='ltr'>diem</span> <span class='ocrx_word' id='word_1_69' title='bbox 802 3060 883 3125; x_wconf 92' lang='lat' dir='ltr'>mihi</span> <span class='ocrx_word' id='word_1_70' title='bbox 905 3059 1143 3145; x_wconf 78' lang='lat' dir='ltr'>laboribusque</span> <span class='ocrx_word' id='word_1_71' title='bbox 1165 3063 1247 3127; x_wconf 89' lang='lat' dir='ltr'>meis</span> <span class='ocrx_word' id='word_1_72' title='bbox 1265 3061 1343 3128; x_wconf 84' lang='lat' dir='ltr'>fide·</span> 
     </span>
     <span class='ocr_line' id='line_1_13' title="bbox 143 3188 1389 3274; baseline 0 -18"><span class='ocrx_word' id='word_1_73' title='bbox 143 3192 205 3257; x_wconf 92' lang='lat' dir='ltr'>lior</span> <span class='ocrx_word' id='word_1_74' title='bbox 223 3189 275 3255; x_wconf 72' lang='lat' dir='ltr'>rs</span> <span class='ocrx_word' id='word_1_75' title='bbox 293 3196 455 3274; x_wconf 85' lang='lat' dir='ltr'>patronus</span> <span class='ocrx_word' id='word_1_76' title='bbox 473 3189 646 3255; x_wconf 84' lang='lat' dir='ltr'>exstiterit.</span> <span class='ocrx_word' id='word_1_77' title='bbox 681 3188 795 3255; x_wconf 86' lang='lat' dir='ltr'>Nullis</span> <span class='ocrx_word' id='word_1_78' title='bbox 818 3190 905 3256; x_wconf 91' lang='lat' dir='ltr'>enim</span> <span class='ocrx_word' id='word_1_79' title='bbox 928 3188 1191 3256; x_wconf 79' lang='lat' dir='ltr'>obtrectatorum</span> <span class='ocrx_word' id='word_1_80' title='bbox 1213 3190 1343 3256; x_wconf 89' lang='lat' dir='ltr'>iniuriis</span> <span class='ocrx_word' id='word_1_81' title='bbox 1386 3236 1389 3243; x_wconf 89' lang='lat'><em>-</em></span> 
     </span>
    </p>
   </div>
   <div class='ocr_carea' id='block_1_9' title="bbox 144 3318 1447 3414">
    <p class='ocr_par' dir='ltr' id='par_1_9' title="bbox 144 3318 1447 3414">
     <span class='ocr_line' id='line_1_14' title="bbox 144 3318 1447 3414; baseline -0.002 -29"><span class='ocrx_word' id='word_1_82' title='bbox 144 3328 201 3386; x_wconf 90' lang='lat' dir='ltr'>aut</span> <span class='ocrx_word' id='word_1_83' title='bbox 223 3319 351 3385; x_wconf 90' lang='lat' dir='ltr'>artibus</span> <span class='ocrx_word' id='word_1_84' title='bbox 375 3319 452 3384; x_wconf 72' lang='lat' dir='ltr'>Tua</span> <span class='ocrx_word' id='word_1_85' title='bbox 474 3339 554 3402; x_wconf 81' lang='lat' dir='ltr'>erga</span> <span class='ocrx_word' id='word_1_86' title='bbox 576 3341 628 3384; x_wconf 93' lang='lat' dir='ltr'>me</span> <span class='ocrx_word' id='word_1_87' title='bbox 650 3318 881 3386; x_wconf 84' lang='lat' dir='ltr'>benevolentia</span> <span class='ocrx_word' id='word_1_88' title='bbox 903 3320 1012 3402; x_wconf 86' lang='lat' dir='ltr'>cessit,</span> <span class='ocrx_word' id='word_1_89' title='bbox 1035 3340 1143 3403; x_wconf 86' lang='lat' dir='ltr'>nequo</span> <span class='ocrx_word' id='word_1_90' title='bbox 1165 3319 1263 3385; x_wconf 86' lang='lat' dir='ltr'>aliter</span> <span class='ocrx_word' id='word_1_91' title='bbox 1283 3339 1343 3383; x_wconf 91' lang='lat' dir='ltr'>un·</span> <span class='ocrx_word' id='word_1_92' title='bbox 1440 3400 1447 3414; x_wconf 41' lang='lat'><strong>·</strong></span> 
     </span>
    </p>
   </div>
   <div class='ocr_carea' id='block_1_10' title="bbox 142 3448 1344 4302">
    <p class='ocr_par' dir='ltr' id='par_1_10' title="bbox 142 3448 1344 4302">
     <span class='ocr_line' id='line_1_15' title="bbox 143 3448 1344 3533; baseline 0.001 -20"><span class='ocrx_word' id='word_1_93' title='bbox 143 3471 242 3533; x_wconf 85' lang='lat' dir='ltr'>quam</span> <span class='ocrx_word' id='word_1_94' title='bbox 257 3449 392 3514; x_wconf 79' lang='lat' dir='ltr'>sensisti</span> <span class='ocrx_word' id='word_1_95' title='bbox 407 3470 507 3532; x_wconf 84' lang='lat' dir='ltr'>quam</span> <span class='ocrx_word' id='word_1_96' title='bbox 526 3449 644 3514; x_wconf 86' lang='lat' dir='ltr'>studiis</span> <span class='ocrx_word' id='word_1_97' title='bbox 665 3449 747 3515; x_wconf 90' lang='lat' dir='ltr'>meis</span> <span class='ocrx_word' id='word_1_98' title='bbox 766 3449 925 3515; x_wconf 88' lang='lat' dir='ltr'>ecclesiae</span> <span class='ocrx_word' id='word_1_99' title='bbox 941 3448 1149 3515; x_wconf 84' lang='lat' dir='ltr'>Christianae</span> <span class='ocrx_word' id='word_1_100' title='bbox 1167 3449 1250 3513; x_wconf 86' lang='lat' dir='ltr'>bens</span> <span class='ocrx_word' id='word_1_101' title='bbox 1269 3466 1344 3514; x_wconf 90' lang='lat' dir='ltr'>cou-</span> 
     </span>
     <span class='ocr_line' id='line_1_16' title="bbox 144 3574 1343 3660; baseline -0.001 -20"><span class='ocrx_word' id='word_1_102' title='bbox 144 3576 214 3641; x_wconf 90' lang='lat' dir='ltr'>suli.</span> <span class='ocrx_word' id='word_1_103' title='bbox 257 3575 348 3641; x_wconf 88' lang='lat' dir='ltr'>Hinc</span> <span class='ocrx_word' id='word_1_104' title='bbox 370 3596 570 3660; x_wconf 78' lang='lat' dir='ltr'>magnopere</span> <span class='ocrx_word' id='word_1_105' title='bbox 591 3575 678 3641; x_wconf 88' lang='lat' dir='ltr'>hauc</span> <span class='ocrx_word' id='word_1_106' title='bbox 701 3577 783 3641; x_wconf 92' lang='lat' dir='ltr'>mihi</span> <span class='ocrx_word' id='word_1_107' title='bbox 805 3576 1012 3643; x_wconf 79' lang='lat' dir='ltr'>occasionem</span> <span class='ocrx_word' id='word_1_108' title='bbox 1035 3575 1187 3659; x_wconf 85' lang='lat' dir='ltr'>gratulor</span> <span class='ocrx_word' id='word_1_109' title='bbox 1207 3574 1343 3658; x_wconf 86' lang='lat' dir='ltr'>pietatis</span> 
     </span>
     <span class='ocr_line' id='line_1_17' title="bbox 142 3701 1343 3788; baseline -0.002 -20"><span class='ocrx_word' id='word_1_110' title='bbox 142 3725 234 3770; x_wconf 90' lang='lat' dir='ltr'>meae</span> <span class='ocrx_word' id='word_1_111' title='bbox 252 3703 333 3769; x_wconf 72' lang='lat' dir='ltr'>&#39;Puer</span> <span class='ocrx_word' id='word_1_112' title='bbox 349 3702 456 3768; x_wconf 90' lang='lat' dir='ltr'>denuo</span> <span class='ocrx_word' id='word_1_113' title='bbox 473 3702 709 3769; x_wconf 85' lang='lat' dir='ltr'>testificandae.</span> <span class='ocrx_word' id='word_1_114' title='bbox 749 3702 847 3788; x_wconf 79' lang='lat' dir='ltr'>Quod</span> <span class='ocrx_word' id='word_1_115' title='bbox 869 3703 971 3786; x_wconf 85' lang='lat' dir='ltr'>igitur</span> <span class='ocrx_word' id='word_1_116' title='bbox 993 3708 1069 3768; x_wconf 90' lang='lat' dir='ltr'>ante</span> <span class='ocrx_word' id='word_1_117' title='bbox 1091 3701 1151 3768; x_wconf 86' lang='lat' dir='ltr'>hos</span> <span class='ocrx_word' id='word_1_118' title='bbox 1171 3701 1343 3767; x_wconf 87' lang='lat' dir='ltr'>duodecim</span> 
     </span>
     <span class='ocr_line' id='line_1_18' title="bbox 143 3829 1343 3914; baseline -0.001 -17"><span class='ocrx_word' id='word_1_119' title='bbox 143 3852 245 3897; x_wconf 87' lang='lat' dir='ltr'>annos</span> <span class='ocrx_word' id='word_1_120' title='bbox 271 3831 380 3914; x_wconf 87' lang='lat' dir='ltr'>prima</span> <span class='ocrx_word' id='word_1_121' title='bbox 405 3853 479 3898; x_wconf 92' lang='lat' dir='ltr'>mea</span> <span class='ocrx_word' id='word_1_122' title='bbox 502 3831 663 3898; x_wconf 87' lang='lat' dir='ltr'>librorum</span> <span class='ocrx_word' id='word_1_123' title='bbox 685 3830 773 3897; x_wconf 84' lang='lat' dir='ltr'>Novi</span> <span class='ocrx_word' id='word_1_124' title='bbox 797 3831 1002 3897; x_wconf 80' lang='lat' dir='ltr'>Testamenti</span> <span class='ocrx_word' id='word_1_125' title='bbox 1031 3830 1175 3898; x_wconf 86' lang='lat' dir='ltr'>editione</span> <span class='ocrx_word' id='word_1_126' title='bbox 1200 3829 1343 3914; x_wconf 85' lang='lat' dir='ltr'>splendi-</span> 
     </span>
     <span class='ocr_line' id='line_1_19' title="bbox 143 3957 1343 4043; baseline -0.001 -19"><span class='ocrx_word' id='word_1_127' title='bbox 143 3959 276 4025; x_wconf 82' lang='lat' dir='ltr'>dissimo</span> <span class='ocrx_word' id='word_1_128' title='bbox 295 3960 423 4025; x_wconf 87' lang='lat' dir='ltr'>nomini</span> <span class='ocrx_word' id='word_1_129' title='bbox 437 3957 514 4031; x_wconf 74' lang='lat' dir='ltr'>Tuo</span> <span class='ocrx_word' id='word_1_130' title='bbox 533 3959 716 4026; x_wconf 86' lang='lat' dir='ltr'>dedicanda</span> <span class='ocrx_word' id='word_1_131' title='bbox 734 3960 806 4041; x_wconf 86' lang='lat' dir='ltr'>feei,</span> <span class='ocrx_word' id='word_1_132' title='bbox 829 3959 863 4024; x_wconf 88' lang='lat' dir='ltr'>id</span> <span class='ocrx_word' id='word_1_133' title='bbox 886 3981 972 4024; x_wconf 91' lang='lat' dir='ltr'>nunc</span> <span class='ocrx_word' id='word_1_134' title='bbox 995 3958 1173 4043; x_wconf 82' lang='lat' dir='ltr'>evangeliis</span> <span class='ocrx_word' id='word_1_135' title='bbox 1190 3958 1243 4024; x_wconf 93' lang='lat' dir='ltr'>his</span> <span class='ocrx_word' id='word_1_136' title='bbox 1261 3959 1343 4024; x_wconf 86' lang='lat' dir='ltr'>meis</span> 
     </span>
     <span class='ocr_line' id='line_1_20' title="bbox 142 4085 1343 4175; baseline -0.005 -20"><span class='ocrx_word' id='word_1_137' title='bbox 142 4089 339 4174; x_wconf 82' lang='lat' dir='ltr'>apocryphis</span> <span class='ocrx_word' id='word_1_138' title='bbox 355 4096 504 4172; x_wconf 88' lang='lat' dir='ltr'>repetere</span> <span class='ocrx_word' id='word_1_139' title='bbox 523 4090 662 4155; x_wconf 88' lang='lat' dir='ltr'>institui.</span> <span class='ocrx_word' id='word_1_140' title='bbox 693 4089 791 4175; x_wconf 81' lang='lat' dir='ltr'>Quod</span> <span class='ocrx_word' id='word_1_141' title='bbox 807 4112 847 4155; x_wconf 89' lang='lat' dir='ltr'>ue</span> <span class='ocrx_word' id='word_1_142' title='bbox 863 4089 917 4156; x_wconf 91' lang='lat' dir='ltr'>cui</span> <span class='ocrx_word' id='word_1_143' title='bbox 932 4089 1051 4154; x_wconf 91' lang='lat' dir='ltr'>mirum</span> <span class='ocrx_word' id='word_1_144' title='bbox 1066 4087 1228 4170; x_wconf 77' lang='lat' dir='ltr'>videatur,</span> <span class='ocrx_word' id='word_1_145' title='bbox 1248 4085 1343 4170; x_wconf 89' lang='lat' dir='ltr'>quasi</span> 
     </span>
     <span class='ocr_line' id='line_1_21' title="bbox 143 4216 1343 4302; baseline -0.003 -19"><span class='ocrx_word' id='word_1_146' title='bbox 143 4237 163 4283; x_wconf 97' lang='lat' dir='ltr'>a</span> <span class='ocrx_word' id='word_1_147' title='bbox 185 4218 353 4283; x_wconf 86' lang='lat' dir='ltr'>canonicis</span> <span class='ocrx_word' id='word_1_148' title='bbox 376 4218 419 4283; x_wconf 90' lang='lat' dir='ltr'>ad</span> <span class='ocrx_word' id='word_1_149' title='bbox 441 4217 632 4302; x_wconf 86' lang='lat' dir='ltr'>apocrypha</span> <span class='ocrx_word' id='word_1_150' title='bbox 654 4224 789 4283; x_wconf 84' lang='lat' dir='ltr'>ventum</span> <span class='ocrx_word' id='word_1_151' title='bbox 812 4219 864 4284; x_wconf 91' lang='lat' dir='ltr'>sit.</span> <span class='ocrx_word' id='word_1_152' title='bbox 908 4216 1000 4282; x_wconf 88' lang='lat' dir='ltr'>Illud</span> <span class='ocrx_word' id='word_1_153' title='bbox 1023 4219 1188 4282; x_wconf 82' lang='lat' dir='ltr'>enimvero</span> <span class='ocrx_word' id='word_1_154' title='bbox 1210 4216 1245 4280; x_wconf 92' lang='lat' dir='ltr'>in</span> <span class='ocrx_word' id='word_1_155' title='bbox 1264 4236 1343 4299; x_wconf 87' lang='lat' dir='ltr'>spo·</span> 
     </span>
    </p>
   </div>
   <div class='ocr_carea' id='block_1_11' title="bbox 143 4345 1340 4431">
    <p class='ocr_par' dir='ltr' id='par_1_11' title="bbox 143 4345 1340 4431">
     <span class='ocr_line' id='line_1_22' title="bbox 143 4345 1340 4431; baseline 0.001 -20"><span class='ocrx_word' id='word_1_156' title='bbox 143 4346 276 4431; x_wconf 86' lang='lat' dir='ltr'>cryphis</span> <span class='ocrx_word' id='word_1_157' title='bbox 292 4345 470 4431; x_wconf 78' lang='lat' dir='ltr'>evangeliis</span> <span class='ocrx_word' id='word_1_158' title='bbox 488 4348 632 4431; x_wconf 83' lang='lat' dir='ltr'>optimae</span> <span class='ocrx_word' id='word_1_159' title='bbox 648 4346 754 4430; x_wconf 82' lang='lat' dir='ltr'>frugis</span> <span class='ocrx_word' id='word_1_160' title='bbox 771 4347 925 4430; x_wconf 87' lang='lat' dir='ltr'>estquod</span> <span class='ocrx_word' id='word_1_161' title='bbox 944 4347 1087 4413; x_wconf 83' lang='lat' dir='ltr'>divinam</span> <span class='ocrx_word' id='word_1_162' title='bbox 1105 4345 1340 4413; x_wconf 87' lang='lat' dir='ltr'>canonicorum</span> 
     </span>
    </p>
   </div>
   <div class='ocr_carea' id='block_1_12' title="bbox 0 0 1487 4912">
    <p class='ocr_par' dir='ltr' id='par_1_12' title="bbox 0 0 1487 4912">
     <span class='ocr_line' id='line_1_23' title="bbox 0 0 1487 4912; baseline 0 0"><span class='ocrx_word' id='word_1_163' title='bbox 0 0 1487 4912; x_wconf 95' lang='lat' dir='ltr'> </span> 
     </span>
    </p>
   </div>
  </div>
 </body>
</html>
