3000 4912
198 311 261 372 378
636 312 744 361 GESTA
763 310 890 362 rmum.
916 312 972 361 κν.

197 462 292 545 seph,
325 481 407 545 quos
437 469 469 525 et
498 462 568 543 ipse
595 461 716 545 Ioseph
746 469 884 526 noverat
915 463 1051 541 amicae,
1083 465 1117 523 et
1145 456 1259 521 dicunt
1291 455 1401 520 archi·

197 586 384 649 synagogae
407 573 440 629 et
463 564 652 629 sacerdotes
676 573 708 629 et
730 564 870 629 Levitae
894 565 936 629 ad
959 564 1048 628 illos:
1076 562 1213 630 Videte:
1237 562 1264 624 si
1288 582 1399 625 susce·

196 672 283 753 perit
312 670 484 750 epistolam
513 676 547 733 et
573 670 692 751 legerit
719 691 805 750 eam,
837 690 896 751 pro
920 675 1009 734 certo
1033 667 1143 731 veniet
1164 667 1331 731 vobiscum
1356 665 1400 729 ad

195 796 272 852 nos3
306 775 333 836 si
363 781 474 837 autem
501 795 567 837 non
598 773 727 856 legerit,
760 774 873 837 sciatis
903 774 981 854 quia
1008 772 1211 853 malignatur
1239 767 1399 833 adversus

195 898 269 958 nos,
301 881 334 939 et
363 876 547 940 salutantes
576 897 650 940 eum
678 876 712 939 in
738 896 820 957 pace
848 876 1051 939 revertimini
1079 873 1121 937 ad
1143 894 1210 936 nos.
1254 871 1399 936 Benedi-

196 987 307 1045 centes
336 987 448 1044 autem
476 1001 531 1045 eos
559 979 762 1044 dimiserunt.
806 980 980 1046 Venerunt
1007 985 1118 1042 autem
1145 977 1178 1039 in
1206 975 1399 1040 Arimathia

196 1083 239 1147 ad
262 1081 397 1165 Ioseph,
426 1090 460 1147 et
486 1083 708 1148 adoraverunt
731 1106 805 1148 eum
828 1085 862 1147 in
885 1084 1003 1148 faciem
1026 1104 1124 1164 super
1147 1089 1271 1146 terram
1295 1087 1329 1145 et
1352 1080 1399 1144 di·

195 1190 328 1249 xerunt:
356 1185 423 1248 Pax
446 1186 507 1249 tibi
531 1193 564 1249 et
587 1185 736 1249 omnibus
760 1186 837 1252 tuis.
881 1187 927 1250 Et
951 1185 1033 1249 dixit
1052 1182 1187 1264 Ioseph:
1210 1183 1283 1247 Pax
1305 1183 1399 1246 vobis

197 1295 231 1353 et
253 1290 340 1354 omni
363 1289 483 1372 populo
507 1289 625 1355 Israel.
669 1290 716 1354 Et
740 1290 901 1354 dederunt
923 1290 953 1352 ei
976 1296 1100 1352 tomum
1124 1287 1293 1369 epistolae.
1338 1285 1399 1352 Su-

197 1391 339 1472 scipiens
358 1398 468 1455 autem
485 1390 607 1473 Ioseph
622 1392 712 1473 legit,
736 1397 769 1455 et
792 1392 999 1472 amplexatus
1022 1397 1073 1454 est
1095 1390 1278 1471 epistolam,
1300 1387 1398 1452 bene-

197 1492 346 1576 dixitque
362 1493 458 1557 deum
482 1500 515 1556 et
534 1493 631 1557 dixit:
654 1492 855 1557 Benedictus
879 1492 1028 1556 dominus
1052 1491 1141 1570 deus,
1165 1491 1222 1574 qui
1244 1490 1400 1555 liberavit

196 1594 306 1660 Israel
328 1602 453 1660 utnon
476 1596 660 1661 effunderet
682 1597 876 1678 sanguinem
899 1597 1120 1659 innocentem:
1150 1601 1184 1658 et
1205 1593 1399 1658 benedictus

141 1766 146 1780 ι
196 1697 290 1780 deus,
319 1699 377 1781 qui
405 1698 502 1762 misit
524 1699 677 1780 angelum
707 1720 801 1762 suum
828 1704 861 1762 et
884 1698 1053 1779 cooperuit
1076 1719 1127 1761 me
1151 1696 1211 1760 sub
1235 1696 1298 1759 alis
1322 1697 1400 1760 suis.

196 1803 243 1867 Et
271 1802 440 1865 osculatus
469 1808 519 1865 est
546 1824 602 1866 eos
629 1808 662 1866 et
686 1801 842 1883 apposuit
864 1802 912 1865 eis
934 1821 1096 1881 mensam,
1126 1806 1159 1863 et
1181 1798 1399 1864 manducave·

195 1910 274 1969 runt
297 1911 330 1967 et
351 1903 514 1986 biberunt,
537 1912 570 1969 et
592 1904 796 1969 dormierunt
818 1904 873 1968 ibi.

281 2004 357 2067 ⁴Et
379 2026 474 2069 mane
497 2012 683 2087 surgentes,
712 2006 832 2069 stravit
859 2005 987 2069 asinam
1011 2026 1105 2069 suam
1127 2003 1249 2086 Ioseph
1273 2009 1308 2067 et
1330 2024 1399 2068 am·

195 2106 324 2170 bulavit
352 2127 425 2169 cum
452 2107 531 2186 illis,
564 2115 597 2171 et
620 2108 819 2172 introierunt
841 2107 875 2170 in
899 2108 1067 2171 civitatem
1091 2111 1242 2170 sanctam
1264 2104 1399 2170 Ierusa-

196 2350 258 2400 edl'r
270 2366 312 2400 om
328 2349 332 2412 Ι
347 2351 417 2399 viror
436 2349 462 2414 (c
480 2349 534 2412 om)
553 2353 628 2400 amic.
647 2355 698 2400 Ios.
717 2350 745 2414 (e
763 2367 805 2400 orn
824 2367 874 2400 arn.
889 2351 941 2413 Io.)
960 2367 1022 2414 quoe
1039 2380 1049 2389 -
1067 2351 1161 2399 amieos
1179 2349 1207 2412 (x
1226 2349 1279 2398 edd
1298 2366 1366 2407 ruer,
1385 2364 1400 2400 c

196 2454 254 2488 eune
270 2439 343 2501 esre),
362 2443 387 2487 et
404 2437 430 2500 (c
450 2437 549 2502 quibua)
568 2440 656 2488 dicunt
673 2437 718 2500 (nc
736 2438 834 2499 dixer.)
853 2439 1068 2504 archisynapoqae
1086 2436 1115 2499 (Β
1133 2453 1223 2487 rursus
1235 2435 1318 2500 pepi)
1335 2466 1346 2477 ·
1365 2437 1400 2485 ad

196 2523 258 2572 illue
275 2522 304 2585 (Β
322 2524 357 2571 ed
380 2523 458 2572 eires.
497 2536 573 2572 com
598 2523 724 2588 aretieyn.
745 2522 799 2585 etc)
827 2539 886 2572 cum
904 2536 956 2574 nnc
975 2558 982 2571 .
1003 2558 1010 2570 .
1035 2511 1097 2572 1)·ιη
1115 2527 1208 2584 reptem
1231 2524 1397 2571 virescente.

196 2612 234 2660 Io.
253 2615 278 2659 et
295 2610 378 2659 dixer.
394 2610 428 2657 ad
446 2625 496 2659 eon.
536 2610 600 2658 Post
619 2609 681 2659 vide
700 2609 780 2671 edet}
800 2610 891 2659 Videte
909 2610 954 2673 (ec
973 2609 1040 2671 om):
1058 2610 1082 2657 ei
1099 2625 1164 2658 eure.
1184 2626 1224 2672 ep.
1239 2613 1264 2657 et
1281 2609 1333 2673 lep.
1346 2626 1401 2658 eum

196 2697 223 2758 (Β
243 2697 310 2759 om),
334 2701 473 2759 procerte
497 2696 526 2758 (Β
545 2695 599 2759 om)
617 2726 627 2735 -
645 2697 669 2745 ei
686 2701 768 2745 autem
787 2696 812 2759 (c
832 2696 885 2746 edd
907 2698 1047 2760 susceperit
1069 2695 1104 2757 et)
1129 2712 1177 2744 nen
1202 2695 1295 2758 legerit
1319 2695 1349 2755 (Δ
1367 2696 1400 2745 eb

196 2782 281 2829 altero
301 2780 394 2842 leperit
411 2780 445 2828 ad
464 2783 579 2829 alterum
598 2780 764 2842 transiluit),
782 2782 872 2830 eciutie
890 2781 917 2844 (c
934 2781 1032 2842 eeietie)
1051 2810 1060 2820 ·
1080 2782 1106 2828 in
1120 2796 1186 2843 paee
1204 2781 1231 2843 (c
1250 2780 1304 2842 om)
1323 2810 1333 2820 ·
1351 2782 1401 2829 Be·

195 2866 277 2914 nedie.
291 2870 344 2914 aut.
360 2880 402 2913 eor
416 2866 480 2914 dim.
502 2865 529 2929 (c
548 2881 588 2914 om
608 2867 728 2914 Benedic.
743 2865 798 2920 etet
818 2882 876 2914 enm
894 2879 946 2917 unc
965 2900 995 2914 ..
1015 2855 1077 2915 1)·δῦ
1095 2867 1163 2915 Durn
1177 2867 1349 2928 perveneritis
1366 2867 1401 2915 ad

196 2952 295 3013 Ieeept,
308 2951 420 2999 salutate
432 2966 487 2999 eum
499 2952 526 2998 in
539 2951 626 3014 paee),
644 2953 735 3001 dautes
746 2953 770 2999 ei
782 2952 925 3013 epistularu
964 2952 1033 3001 Item
1053 2951 1115 3001 edl'r
1127 2952 1178 3001 eie:
1198 2956 1224 3000 et
1241 2952 1330 3000 electis
1346 2951 1402 3001 1⁷11

195 3039 260 3088 uuir
271 3039 361 3087 canicie
371 3041 422 3089 Ioe.
431 3039 553 3087 miserunt
565 3041 590 3087 ei
600 3039 742 3100 epistelam,
755 3039 898 3088 salutantes
909 3055 963 3087 eum
975 3041 1002 3087 in
1011 3056 1076 3101 paee
1087 3039 1131 3102 (de
1145 3039 1187 3088 hie
1201 3041 1328 3089 extremis
1338 3039 1400 3088 vide

195 3111 257 3174 D⁸b⁰
270 3123 350 3172 infra.
368 3123 373 3186 Ι
394 3123 521 3171 Venerunt
534 3123 562 3183 (Β
580 3121 722 3185 Venientes)
741 3128 796 3172 aeut.
814 3120 840 3185 (o
860 3123 968 3187 Crunque
986 3124 1121 3186 eenieoent)
1140 3126 1166 3171 in
1185 3127 1234 3173 Ar.
1250 3125 1283 3172 ad
1304 3123 1334 3186 (Β
1346 3137 1400 3172 cum

195 3209 311 3257 eenimt
350 3207 541 3270 cinnenerunt)
560 3211 614 3279 loex
627 3211 651 3255 et
669 3208 697 3269 (Β
716 3207 769 3270 om)
788 3208 863 3257 ador.
883 3224 938 3257 auu
955 3209 1096 3272 infaciem
1114 3210 1141 3270 (c
1160 3212 1186 3257 in
1196 3209 1286 3273 jacies
1304 3211 1399 3268 enan)-

194 3295 307 3343 cmnidue
331 3294 382 3342 tuin
405 3293 433 3355 (Β
451 3293 542 3343 omnib.
563 3310 627 3357 quae
650 3298 696 3343 tue
718 3299 790 3352 eunt,
818 3296 935 3346 ceronio
954 3311 1018 3360 quae
1035 3295 1120 3356 haber)
1139 3324 1148 3334 -
1167 3295 1237 3344 nobie
1255 3295 1301 3355 (Δο
1319 3294 1399 3343 cobu-

195 3379 260 3441 eum)
279 3384 304 3428 et
321 3380 387 3428 menni
403 3408 413 3418 ·
432 3383 458 3427 et
474 3380 531 3427 ded.
551 3378 577 3441 (c
592 3379 824 3444 perrexeruntque)
842 3382 866 3430 ei
884 3385 942 3431 torn.
956 3398 994 3446 ep.
1013 3380 1059 3443 (Βο
1077 3380 1230 3442 epistolam).
1268 3381 1341 3430 Suec.
1354 3397 1398 3429 au·

195 3472 244 3516 tem
262 3466 290 3529 (Β
308 3482 382 3530 erpo,
407 3467 537 3531 citaque)
560 3497 571 3506 -
593 3471 618 3516 et
640 3467 717 3529 aenpl.
736 3472 773 3516 eet
795 3484 834 3530 ep.
854 3467 968 3531 (haece
992 3484 1049 3529 om;
1077 3481 1092 3518 c
1116 3473 1141 3517 et
1158 3470 1216 3517 dum
1234 3468 1331 3532 egeret
1348 3467 1399 3530 ep.)

194 3552 370 3615 benedixitque
393 3550 419 3614 (c
441 3567 483 3599 om
502 3550 559 3615 qiu)
577 3581 587 3590 -
604 3552 669 3601 uun.
689 3553 751 3601 deur
769 3551 797 3615 (x
815 3553 869 3602 edd
887 3550 983 3615 Israel)
1002 3581 1012 3593 -
1030 3553 1122 3619 effund.
1149 3553 1179 3614 (A
1197 3552 1292 3616 fund.)
1311 3582 1321 3592 -
1338 3553 1400 3601 dene

196 3636 226 3698 (Β
243 3637 372 3694 domiuus,
397 3650 412 3688 c
435 3638 500 3686 dom.
519 3636 573 3699 de.)
591 3667 601 3676 -
619 3642 644 3687 et
663 3654 734 3703 coep.
755 3637 783 3702 (Β
805 3643 834 3688 ut
850 3640 973 3701 eriperet)
990 3655 1029 3688 ene
1046 3668 1057 3678 -
1075 3640 1195 3700 apperuit
1212 3636 1241 3700 (Β
1255 3641 1359 3701 poenit,
1384 3652 1399 3690 c

195 3725 270 3774 tuerit
288 3725 394 3787 uppem)
412 3725 449 3772 eie
467 3723 511 3786 (ee
530 3725 584 3787 om)
602 3755 613 3764 -
631 3726 711 3777 dorm.
730 3727 766 3775 ibi
788 3726 815 3789 (Β
834 3726 888 3788 om)
914 3741 973 3775 cnm
990 3715 1260 3777 mc..1›⁸b⁰oe1³f
1286 3728 1326 3775 Et
1338 3741 1399 3789 per·

195 3810 322 3858 unientes
347 3809 399 3857 oiri
424 3809 460 3857 ed
483 3805 535 3859 loe.
555 3810 698 3860 salutantes
723 3827 778 3860 eum
800 3811 911 3876 pacifice
934 3811 1059 3859 dederunt
1085 3811 1109 3859 ei
1136 3811 1248 3860 libellum
1274 3812 1400 3873 epietelae

195 3892 384 3954 (haecomnia
408 3891 469 3942 edi'r
488 3892 552 3955 om).
588 3895 627 3943 Et
645 3911 700 3942 enen
722 3895 825 3959 lepieeet
842 3893 917 3956 (edl’r
934 3894 1054 3957 perlecta
1076 3895 1196 3958 epotato)
1219 3896 1312 3959 Ioseph
1333 3897 1400 3945 divit

194 3980 350 4029 Benedictus
367 3981 482 4028 domium
499 3979 573 4041 (edir
591 3981 645 4043 om)
663 3982 724 4031 dene
744 3980 817 4045 (edpr
836 3981 889 4030 edd
908 3981 987 4043 len),
1011 3981 1054 4045 qui
1079 3981 1195 4031 liberanti
1216 3980 1289 4044 (edl’r
1307 3981 1400 4044 -raeit)

195 4068 281 4117 Ieruel
306 4067 350 4130 (1)Ι
372 4084 410 4116 me
433 4068 464 4115 ab
487 4068 554 4131 ἵεν.)
576 4074 606 4117 ut
629 4085 680 4118 nen
703 4070 843 4136 effunderet
862 4071 1010 4132 eanpuineen
1033 4086 1121 4118 meum.
1157 4070 1313 4119 Benedictus
1338 4070 1400 4118 eeu

195 4150 269 4213 (adpr
287 4168 329 4202 om
355 4152 432 4214 heac)
457 4154 500 4216 qui
522 4155 662 4214 protexisti
686 4152 760 4215 (edpr
781 4157 807 4202 et
829 4153 957 4217 proterit)
975 4171 1014 4202 me
1031 4155 1076 4203 eui
1094 4153 1398 4216 alietuie(ed1'¹euie).

194 4239 233 4287 Et
250 4240 381 4289 oseulatae
397 4242 437 4287 eet
453 4254 495 4287 ene
513 4239 604 4301 Ioseph
622 4239 666 4301 (1)c
684 4243 722 4287 eet
740 4239 791 4288 Ioe.
809 4240 879 4288 viros
897 4240 940 4303 qui
963 4244 1096 4296 emam,-
1120 4239 1181 4288 edpr
1199 4239 1323 4288 oreuktie
1345 4238 1400 4288 VII

195 4323 271 4384 ciris)
290 4328 315 4372 et
333 4324 444 4387 eueeepit
462 4321 535 4384 (edpr
552 4322 685 4387 susceptis)
704 4324 731 4370 in
749 4307 845 4372 mnium
863 4340 944 4373 maen.

215 4429 221 4438 ·
262 4412 289 4458 4.
326 4409 365 4457 Et
383 4406 410 4467 (Β
429 4409 483 4471 om)
500 4424 572 4457 mune
589 4412 721 4472 turpentur
738 4407 765 4471 (Β
778 4425 849 4472 pene
860 4409 960 4474 Ioseph.
986 4408 1178 4472 oEen'piluntee
1196 4408 1298 4471 autem),
1317 4412 1398 4458 atrae.
