<?xml version="1.0" encoding="UTF-8"?>
<!DOCTYPE html PUBLIC "-//W3C//DTD XHTML 1.0 Transitional//EN"
    "http://www.w3.org/TR/xhtml1/DTD/xhtml1-transitional.dtd">
<html xmlns="http://www.w3.org/1999/xhtml" xml:lang="en" lang="en">
 <head>
  <title>
</title>
<meta http-equiv="Content-Type" content="text/html;charset=utf-8" />
  <meta name='ocr-system' content='tesseract 3.04.00' />
  <meta name='ocr-capabilities' content='ocr_page ocr_carea ocr_par ocr_line ocrx_word'/>
</head>
<body>
  <div class='ocr_page' id='page_1' title='image "./evangeliaapocry00tiscgoog_0263.png"; bbox 0 0 2962 4912; ppageno 0'>
   <div class='ocr_carea' id='block_1_1' title="bbox 122 1143 1326 1341">
    <p class='ocr_par' dir='ltr' id='par_1_1' title="bbox 122 1143 1326 1341">
     <span class='ocr_line' id='line_1_1' title="bbox 122 1143 1326 1222; baseline 0 -2"><span class='ocrx_word' id='word_1_1' title='bbox 122 1146 298 1221; x_wconf 84' lang='lat' dir='ltr'><strong>INOIPIT</strong></span> <span class='ocrx_word' id='word_1_2' title='bbox 325 1144 591 1220; x_wconf 76' lang='lat' dir='ltr'><strong>TRAOTATUS</strong></span> <span class='ocrx_word' id='word_1_3' title='bbox 613 1147 674 1219; x_wconf 84' lang='lat' dir='ltr'>DE</span> <span class='ocrx_word' id='word_1_4' title='bbox 699 1143 926 1220; x_wconf 77' lang='lat' dir='ltr'>PUERITIA</span> <span class='ocrx_word' id='word_1_5' title='bbox 946 1147 1054 1221; x_wconf 84' lang='lat' dir='ltr'>IESU</span> <span class='ocrx_word' id='word_1_6' title='bbox 1072 1147 1326 1222; x_wconf 85' lang='lat' dir='ltr'>SEOUNDUll</span> 
     </span>
     <span class='ocr_line' id='line_1_2' title="bbox 620 1266 822 1341; baseline -0.005 -2"><span class='ocrx_word' id='word_1_7' title='bbox 620 1266 822 1341; x_wconf 81' lang='lat' dir='ltr'>THOllAM.</span> 
     </span>
    </p>
   </div>
   <div class='ocr_carea' id='block_1_2' title="bbox 160 1521 1286 1660">
    <p class='ocr_par' dir='ltr' id='par_1_2' title="bbox 160 1521 1286 1660">
     <span class='ocr_line' id='line_1_3' title="bbox 160 1521 1286 1582; baseline 0 -9"><span class='ocrx_word' id='word_1_8' title='bbox 160 1521 254 1574; x_wconf 68' lang='lat' dir='ltr'>Oneon</span> <span class='ocrx_word' id='word_1_9' title='bbox 273 1523 294 1572; x_wconf 90' lang='lat' dir='ltr'>l.</span> <span class='ocrx_word' id='word_1_10' title='bbox 331 1521 505 1582; x_wconf 84' lang='lat' dir='ltr'><strong>QUOMODO</strong></span> <span class='ocrx_word' id='word_1_11' title='bbox 524 1524 634 1574; x_wconf 71' lang='lat' dir='ltr'>numa</span> <span class='ocrx_word' id='word_1_12' title='bbox 654 1524 697 1573; x_wconf 77' lang='grc' dir='ltr'>ΕΤ</span> <span class='ocrx_word' id='word_1_13' title='bbox 716 1523 846 1574; x_wconf 81' lang='lat' dir='ltr'><strong>IOSEPH</strong></span> <span class='ocrx_word' id='word_1_14' title='bbox 865 1523 1067 1574; x_wconf 80' lang='lat' dir='ltr'>FUGIERUNT</span> <span class='ocrx_word' id='word_1_15' title='bbox 1086 1522 1160 1574; x_wconf 80' lang='lat' dir='ltr'>CUM</span> <span class='ocrx_word' id='word_1_16' title='bbox 1180 1523 1226 1574; x_wconf 80' lang='lat' dir='ltr'>EO</span> <span class='ocrx_word' id='word_1_17' title='bbox 1247 1523 1286 1573; x_wconf 71' lang='lat' dir='ltr'>ln*</span> 
     </span>
     <span class='ocr_line' id='line_1_4' title="bbox 633 1609 809 1660; baseline -0.006 0"><span class='ocrx_word' id='word_1_18' title='bbox 633 1609 809 1660; x_wconf 79' lang='lat' dir='ltr'><strong>EGYPTUM.</strong></span> 
     </span>
    </p>
   </div>
   <div class='ocr_carea' id='block_1_3' title="bbox 121 1756 1331 3283">
    <p class='ocr_par' dir='ltr' id='par_1_3' title="bbox 121 1756 1331 2356">
     <span class='ocr_line' id='line_1_5' title="bbox 208 1756 1329 1844; baseline 0.001 -21"><span class='ocrx_word' id='word_1_19' title='bbox 208 1760 217 1792; x_wconf 88' lang='lat'>¹</span> <span class='ocrx_word' id='word_1_20' title='bbox 237 1756 323 1823; x_wconf 90' lang='lat' dir='ltr'>Oum</span> <span class='ocrx_word' id='word_1_21' title='bbox 340 1757 434 1823; x_wconf 87' lang='lat' dir='ltr'>faeta</span> <span class='ocrx_word' id='word_1_22' title='bbox 449 1757 575 1824; x_wconf 86' lang='lat' dir='ltr'>fuisset</span> <span class='ocrx_word' id='word_1_23' title='bbox 592 1758 824 1840; x_wconf 78' lang='lat' dir='ltr'>conturbatio,</span> <span class='ocrx_word' id='word_1_24' title='bbox 846 1760 1010 1842; x_wconf 90' lang='lat' dir='ltr'>quoniam</span> <span class='ocrx_word' id='word_1_25' title='bbox 1026 1760 1213 1844; x_wconf 83' lang='lat' dir='ltr'>requisitio</span> <span class='ocrx_word' id='word_1_26' title='bbox 1231 1759 1329 1824; x_wconf 87' lang='lat' dir='ltr'>facta</span> 
     </span>
     <span class='ocr_line' id='line_1_6' title="bbox 121 1860 1329 1943; baseline 0.002 -19"><span class='ocrx_word' id='word_1_27' title='bbox 121 1860 190 1927; x_wconf 89' lang='lat' dir='ltr'>fuit</span> <span class='ocrx_word' id='word_1_28' title='bbox 206 1860 249 1926; x_wconf 93' lang='lat' dir='ltr'>ab</span> <span class='ocrx_word' id='word_1_29' title='bbox 266 1860 409 1927; x_wconf 88' lang='lat' dir='ltr'>Herode</span> <span class='ocrx_word' id='word_1_30' title='bbox 428 1861 469 1926; x_wconf 88' lang='lat' dir='ltr'>de</span> <span class='ocrx_word' id='word_1_31' title='bbox 488 1861 627 1928; x_wconf 91' lang='lat' dir='ltr'>domino</span> <span class='ocrx_word' id='word_1_32' title='bbox 644 1868 764 1928; x_wconf 91' lang='lat' dir='ltr'>nostro</span> <span class='ocrx_word' id='word_1_33' title='bbox 780 1862 864 1927; x_wconf 87' lang='lat' dir='ltr'>Iesu</span> <span class='ocrx_word' id='word_1_34' title='bbox 882 1860 1039 1943; x_wconf 90' lang='lat' dir='ltr'>Ohristo,</span> <span class='ocrx_word' id='word_1_35' title='bbox 1061 1868 1100 1927; x_wconf 94' lang='lat' dir='ltr'>ut</span> <span class='ocrx_word' id='word_1_36' title='bbox 1122 1883 1202 1927; x_wconf 90' lang='lat' dir='ltr'>eum</span> <span class='ocrx_word' id='word_1_37' title='bbox 1218 1863 1329 1928; x_wconf 75' lang='lat' dir='ltr'>inter·</span> 
     </span>
     <span class='ocr_line' id='line_1_7' title="bbox 121 1963 1329 2049; baseline 0.002 -21"><span class='ocrx_word' id='word_1_38' title='bbox 121 1963 256 2046; x_wconf 85' lang='lat' dir='ltr'>ficeret,</span> <span class='ocrx_word' id='word_1_39' title='bbox 279 1968 365 2030; x_wconf 92' lang='lat' dir='ltr'>tuno</span> <span class='ocrx_word' id='word_1_40' title='bbox 389 1965 534 2049; x_wconf 79' lang='lat' dir='ltr'>angelus</span> <span class='ocrx_word' id='word_1_41' title='bbox 552 1966 640 2031; x_wconf 82' lang='lat' dir='ltr'><strong>dixit</strong></span> <span class='ocrx_word' id='word_1_42' title='bbox 660 1966 704 2032; x_wconf 89' lang='lat' dir='ltr'>ad</span> <span class='ocrx_word' id='word_1_43' title='bbox 720 1965 866 2049; x_wconf 88' lang='lat' dir='ltr'>Ioseph:</span> <span class='ocrx_word' id='word_1_44' title='bbox 898 1963 999 2031; x_wconf 77' lang='lat' dir='ltr'>Tolle</span> <span class='ocrx_word' id='word_1_45' title='bbox 1016 1964 1165 2030; x_wconf 91' lang='lat' dir='ltr'>Mariam</span> <span class='ocrx_word' id='word_1_46' title='bbox 1189 1971 1224 2030; x_wconf 88' lang='lat' dir='ltr'>et</span> <span class='ocrx_word' id='word_1_47' title='bbox 1243 1986 1329 2049; x_wconf 90' lang='lat' dir='ltr'>pue·</span> 
     </span>
     <span class='ocr_line' id='line_1_8' title="bbox 121 2066 1330 2153; baseline 0.003 -24"><span class='ocrx_word' id='word_1_48' title='bbox 121 2086 197 2130; x_wconf 91' lang='lat' dir='ltr'>rum</span> <span class='ocrx_word' id='word_1_49' title='bbox 214 2066 301 2148; x_wconf 88' lang='lat' dir='ltr'>eius,</span> <span class='ocrx_word' id='word_1_50' title='bbox 320 2072 355 2132; x_wconf 91' lang='lat' dir='ltr'>et</span> <span class='ocrx_word' id='word_1_51' title='bbox 371 2066 452 2151; x_wconf 86' lang='lat' dir='ltr'>fuge</span> <span class='ocrx_word' id='word_1_52' title='bbox 471 2069 691 2153; x_wconf 85' lang='lat' dir='ltr'>inEgyptum</span> <span class='ocrx_word' id='word_1_53' title='bbox 708 2068 832 2133; x_wconf 86' lang='lat' dir='ltr'>alaoie</span> <span class='ocrx_word' id='word_1_54' title='bbox 851 2088 971 2133; x_wconf 90' lang='lat' dir='ltr'>eorum</span> <span class='ocrx_word' id='word_1_55' title='bbox 983 2069 1043 2150; x_wconf 90' lang='lat' dir='ltr'>qui</span> <span class='ocrx_word' id='word_1_56' title='bbox 1055 2073 1231 2151; x_wconf 86' lang='lat' dir='ltr'>quaerunt</span> <span class='ocrx_word' id='word_1_57' title='bbox 1248 2089 1330 2133; x_wconf 91' lang='lat' dir='ltr'>eum</span> 
     </span>
     <span class='ocr_line' id='line_1_9' title="bbox 124 2168 1331 2254; baseline 0 -21"><span class='ocrx_word' id='word_1_58' title='bbox 124 2169 333 2234; x_wconf 87' lang='lat' dir='ltr'>interficere.</span> <span class='ocrx_word' id='word_1_59' title='bbox 367 2169 455 2235; x_wconf 80' lang='lat' dir='ltr'>Erat</span> <span class='ocrx_word' id='word_1_60' title='bbox 470 2176 586 2236; x_wconf 88' lang='lat' dir='ltr'>autem</span> <span class='ocrx_word' id='word_1_61' title='bbox 602 2171 704 2236; x_wconf 90' lang='lat' dir='ltr'>Iesus</span> <span class='ocrx_word' id='word_1_62' title='bbox 727 2191 898 2235; x_wconf 93' lang='lat' dir='ltr'>annorum</span> <span class='ocrx_word' id='word_1_63' title='bbox 916 2168 956 2234; x_wconf 94' lang='lat' dir='ltr'>II</span> <span class='ocrx_word' id='word_1_64' title='bbox 973 2190 1050 2235; x_wconf 91' lang='lat' dir='ltr'>oum</span> <span class='ocrx_word' id='word_1_65' title='bbox 1072 2170 1256 2254; x_wconf 80' lang='lat' dir='ltr'>ingressus</span> <span class='ocrx_word' id='word_1_66' title='bbox 1274 2174 1331 2234; x_wconf 86' lang='lat' dir='ltr'>est</span> 
     </span>
     <span class='ocr_line' id='line_1_10' title="bbox 121 2270 360 2356; baseline 0.008 -21"><span class='ocrx_word' id='word_1_67' title='bbox 121 2270 158 2335; x_wconf 92' lang='lat' dir='ltr'>in</span> <span class='ocrx_word' id='word_1_68' title='bbox 174 2271 360 2356; x_wconf 81' lang='lat' dir='ltr'>Egyptum.</span> 
     </span>
    </p>

    <p class='ocr_par' dir='ltr' id='par_1_4' title="bbox 121 2373 1331 2663">
     <span class='ocr_line' id='line_1_11' title="bbox 208 2373 1331 2460; baseline 0.003 -22"><span class='ocrx_word' id='word_1_69' title='bbox 208 2376 219 2409; x_wconf 86' lang='lat'>²</span> <span class='ocrx_word' id='word_1_70' title='bbox 235 2375 282 2439; x_wconf 85' lang='lat' dir='ltr'>Et</span> <span class='ocrx_word' id='word_1_71' title='bbox 299 2373 544 2441; x_wconf 81' lang='lat' dir='ltr'>deambulante</span> <span class='ocrx_word' id='word_1_72' title='bbox 563 2396 603 2441; x_wconf 88' lang='lat' dir='ltr'>eo</span> <span class='ocrx_word' id='word_1_73' title='bbox 620 2397 685 2460; x_wconf 88' lang='lat' dir='ltr'>per</span> <span class='ocrx_word' id='word_1_74' title='bbox 700 2395 820 2459; x_wconf 88' lang='lat' dir='ltr'>agrum</span> <span class='ocrx_word' id='word_1_75' title='bbox 837 2377 1062 2456; x_wconf 88' lang='lat' dir='ltr'>seminatum,</span> <span class='ocrx_word' id='word_1_76' title='bbox 1085 2375 1243 2458; x_wconf 86' lang='lat' dir='ltr'>porrexit</span> <span class='ocrx_word' id='word_1_77' title='bbox 1259 2395 1331 2441; x_wconf 88' lang='lat' dir='ltr'>ma·</span> 
     </span>
     <span class='ocr_line' id='line_1_12' title="bbox 121 2476 1328 2563; baseline 0.001 -21"><span class='ocrx_word' id='word_1_78' title='bbox 121 2499 203 2543; x_wconf 92' lang='lat' dir='ltr'>num</span> <span class='ocrx_word' id='word_1_79' title='bbox 220 2483 256 2543; x_wconf 90' lang='lat' dir='ltr'>et</span> <span class='ocrx_word' id='word_1_80' title='bbox 271 2476 355 2543; x_wconf 89' lang='lat' dir='ltr'>tulit</span> <span class='ocrx_word' id='word_1_81' title='bbox 371 2477 413 2544; x_wconf 93' lang='lat' dir='ltr'>de</span> <span class='ocrx_word' id='word_1_82' title='bbox 432 2479 538 2562; x_wconf 87' lang='lat' dir='ltr'>spicis</span> <span class='ocrx_word' id='word_1_83' title='bbox 556 2485 591 2546; x_wconf 89' lang='lat' dir='ltr'>et</span> <span class='ocrx_word' id='word_1_84' title='bbox 605 2479 726 2563; x_wconf 89' lang='lat' dir='ltr'>posuit</span> <span class='ocrx_word' id='word_1_85' title='bbox 742 2500 801 2545; x_wconf 90' lang='lat' dir='ltr'>eas</span> <span class='ocrx_word' id='word_1_86' title='bbox 818 2500 924 2563; x_wconf 90' lang='lat' dir='ltr'>super</span> <span class='ocrx_word' id='word_1_87' title='bbox 945 2480 1061 2563; x_wconf 83' lang='lat' dir='ltr'>ignem</span> <span class='ocrx_word' id='word_1_88' title='bbox 1084 2483 1119 2543; x_wconf 89' lang='lat' dir='ltr'>et</span> <span class='ocrx_word' id='word_1_89' title='bbox 1134 2478 1328 2560; x_wconf 82' lang='lat' dir='ltr'>trituravit,</span> 
     </span>
     <span class='ocr_line' id='line_1_13' title="bbox 122 2580 498 2663; baseline 0.005 -18"><span class='ocrx_word' id='word_1_90' title='bbox 122 2584 157 2645; x_wconf 88' lang='lat' dir='ltr'>et</span> <span class='ocrx_word' id='word_1_91' title='bbox 174 2580 290 2663; x_wconf 86' lang='lat' dir='ltr'>coepit</span> <span class='ocrx_word' id='word_1_92' title='bbox 306 2580 498 2647; x_wconf 86' lang='lat' dir='ltr'>comedere.</span> 
     </span>
    </p>

    <p class='ocr_par' dir='ltr' id='par_1_5' title="bbox 122 2681 1329 2954">
     <span class='ocr_line' id='line_1_14' title="bbox 207 2681 1329 2769; baseline -0.001 -21"><span class='ocrx_word' id='word_1_93' title='bbox 207 2681 324 2748; x_wconf 75' lang='lat' dir='ltr'>⁸Cum</span> <span class='ocrx_word' id='word_1_94' title='bbox 346 2689 462 2749; x_wconf 88' lang='lat' dir='ltr'>autem</span> <span class='ocrx_word' id='word_1_95' title='bbox 483 2685 519 2749; x_wconf 93' lang='lat' dir='ltr'>in</span> <span class='ocrx_word' id='word_1_96' title='bbox 535 2685 712 2769; x_wconf 84' lang='lat' dir='ltr'>Egyptum</span> <span class='ocrx_word' id='word_1_97' title='bbox 734 2686 954 2767; x_wconf 85' lang='lat' dir='ltr'>introissent,</span> <span class='ocrx_word' id='word_1_98' title='bbox 978 2688 1192 2767; x_wconf 89' lang='lat' dir='ltr'>acceperunt</span> <span class='ocrx_word' id='word_1_99' title='bbox 1208 2682 1329 2767; x_wconf 89' lang='lat' dir='ltr'>hospi·</span> 
     </span>
     <span class='ocr_line' id='line_1_15' title="bbox 123 2784 1328 2869; baseline 0.002 -20"><span class='ocrx_word' id='word_1_100' title='bbox 123 2784 211 2850; x_wconf 88' lang='lat' dir='ltr'>tium</span> <span class='ocrx_word' id='word_1_101' title='bbox 235 2786 272 2850; x_wconf 91' lang='lat' dir='ltr'>in</span> <span class='ocrx_word' id='word_1_102' title='bbox 296 2785 396 2853; x_wconf 92' lang='lat' dir='ltr'>domo</span> <span class='ocrx_word' id='word_1_103' title='bbox 423 2786 604 2853; x_wconf 90' lang='lat' dir='ltr'>cuiusdam</span> <span class='ocrx_word' id='word_1_104' title='bbox 624 2787 765 2869; x_wconf 84' lang='lat' dir='ltr'>viduae,</span> <span class='ocrx_word' id='word_1_105' title='bbox 792 2793 827 2853; x_wconf 89' lang='lat' dir='ltr'>et</span> <span class='ocrx_word' id='word_1_106' title='bbox 852 2787 1014 2853; x_wconf 84' lang='lat' dir='ltr'>fecerunt</span> <span class='ocrx_word' id='word_1_107' title='bbox 1038 2787 1073 2850; x_wconf 89' lang='lat' dir='ltr'>in</span> <span class='ocrx_word' id='word_1_108' title='bbox 1100 2785 1226 2852; x_wconf 89' lang='lat' dir='ltr'>eodem</span> <span class='ocrx_word' id='word_1_109' title='bbox 1248 2785 1328 2852; x_wconf 88' lang='lat' dir='ltr'>loeo</span> 
     </span>
     <span class='ocr_line' id='line_1_16' title="bbox 122 2909 385 2954; baseline -0.004 0"><span class='ocrx_word' id='word_1_110' title='bbox 122 2909 251 2954; x_wconf 91' lang='lat' dir='ltr'>annum</span> <span class='ocrx_word' id='word_1_111' title='bbox 268 2910 385 2953; x_wconf 91' lang='lat' dir='ltr'>unum.</span> 
     </span>
    </p>

    <p class='ocr_par' dir='ltr' id='par_1_6' title="bbox 122 2990 1330 3283">
     <span class='ocr_line' id='line_1_17' title="bbox 208 2990 1329 3077; baseline 0.002 -22"><span class='ocrx_word' id='word_1_112' title='bbox 208 2990 284 3055; x_wconf 84' lang='lat' dir='ltr'>‘Et</span> <span class='ocrx_word' id='word_1_113' title='bbox 304 2991 417 3057; x_wconf 87' lang='lat' dir='ltr'>laetus</span> <span class='ocrx_word' id='word_1_114' title='bbox 440 2998 493 3057; x_wconf 88' lang='lat' dir='ltr'>est</span> <span class='ocrx_word' id='word_1_115' title='bbox 508 2992 609 3058; x_wconf 89' lang='lat' dir='ltr'>Iesus</span> <span class='ocrx_word' id='word_1_116' title='bbox 632 2993 715 3058; x_wconf 91' lang='lat' dir='ltr'>anni</span> <span class='ocrx_word' id='word_1_117' title='bbox 737 2993 845 3058; x_wconf 88' lang='lat' dir='ltr'>tertii.</span> <span class='ocrx_word' id='word_1_118' title='bbox 876 2993 924 3057; x_wconf 85' lang='lat' dir='ltr'>Et</span> <span class='ocrx_word' id='word_1_119' title='bbox 941 3013 1017 3059; x_wconf 91' lang='lat' dir='ltr'>oum</span> <span class='ocrx_word' id='word_1_120' title='bbox 1033 2991 1181 3058; x_wconf 81' lang='lat' dir='ltr'>vidisset</span> <span class='ocrx_word' id='word_1_121' title='bbox 1196 3012 1329 3077; x_wconf 85' lang='lat' dir='ltr'>pueros</span> 
     </span>
     <span class='ocr_line' id='line_1_18' title="bbox 122 3091 1330 3180; baseline 0.002 -23"><span class='ocrx_word' id='word_1_122' title='bbox 122 3091 296 3176; x_wconf 89' lang='lat' dir='ltr'>ludentes,</span> <span class='ocrx_word' id='word_1_123' title='bbox 324 3096 440 3178; x_wconf 88' lang='lat' dir='ltr'>eoepit</span> <span class='ocrx_word' id='word_1_124' title='bbox 464 3095 585 3162; x_wconf 87' lang='lat' dir='ltr'>ludere</span> <span class='ocrx_word' id='word_1_125' title='bbox 616 3117 693 3162; x_wconf 91' lang='lat' dir='ltr'>oum</span> <span class='ocrx_word' id='word_1_126' title='bbox 719 3097 780 3161; x_wconf 91' lang='lat' dir='ltr'>eis.</span> <span class='ocrx_word' id='word_1_127' title='bbox 826 3097 874 3161; x_wconf 83' lang='lat' dir='ltr'>Et</span> <span class='ocrx_word' id='word_1_128' title='bbox 898 3097 1035 3179; x_wconf 88' lang='lat' dir='ltr'>aooepit</span> <span class='ocrx_word' id='word_1_129' title='bbox 1059 3096 1192 3180; x_wconf 85' lang='lat' dir='ltr'>piscem</span> <span class='ocrx_word' id='word_1_130' title='bbox 1220 3117 1330 3161; x_wconf 92' lang='lat' dir='ltr'>unum</span> 
     </span>
     <span class='ocr_line' id='line_1_19' title="bbox 122 3194 1329 3283; baseline 0.002 -23"><span class='ocrx_word' id='word_1_131' title='bbox 122 3194 258 3260; x_wconf 89' lang='lat' dir='ltr'>aridum</span> <span class='ocrx_word' id='word_1_132' title='bbox 276 3202 311 3262; x_wconf 90' lang='lat' dir='ltr'>et</span> <span class='ocrx_word' id='word_1_133' title='bbox 327 3197 423 3263; x_wconf 88' lang='lat' dir='ltr'>misit</span> <span class='ocrx_word' id='word_1_134' title='bbox 439 3219 517 3263; x_wconf 88' lang='lat' dir='ltr'>eum</span> <span class='ocrx_word' id='word_1_135' title='bbox 540 3199 576 3263; x_wconf 94' lang='lat' dir='ltr'>in</span> <span class='ocrx_word' id='word_1_136' title='bbox 592 3198 735 3282; x_wconf 82' lang='lat' dir='ltr'>pelvim,</span> <span class='ocrx_word' id='word_1_137' title='bbox 760 3204 795 3265; x_wconf 88' lang='lat' dir='ltr'>et</span> <span class='ocrx_word' id='word_1_138' title='bbox 810 3199 993 3282; x_wconf 82' lang='lat' dir='ltr'>praecepit</span> <span class='ocrx_word' id='word_1_139' title='bbox 1015 3199 1047 3264; x_wconf 85' lang='lat' dir='ltr'>ei</span> <span class='ocrx_word' id='word_1_140' title='bbox 1068 3205 1107 3265; x_wconf 91' lang='lat' dir='ltr'>ut</span> <span class='ocrx_word' id='word_1_141' title='bbox 1122 3198 1329 3283; x_wconf 89' lang='lat' dir='ltr'>palpitaret.</span> 
     </span>
    </p>
   </div>
   <div class='ocr_carea' id='block_1_4' title="bbox 114 3404 1351 4505">
    <p class='ocr_par' dir='ltr' id='par_1_7' title="bbox 192 3404 666 3462">
     <span class='ocr_line' id='line_1_20' title="bbox 192 3404 666 3462; baseline 0.008 -8"><span class='ocrx_word' id='word_1_142' title='bbox 192 3405 214 3462; x_wconf 90' lang='lat'>1,</span> <span class='ocrx_word' id='word_1_143' title='bbox 234 3407 257 3454; x_wconf 91' lang='lat'>1.</span> <span class='ocrx_word' id='word_1_144' title='bbox 284 3404 320 3454; x_wconf 84' lang='lat' dir='ltr'>Cf</span> <span class='ocrx_word' id='word_1_145' title='bbox 330 3405 363 3455; x_wconf 80' lang='lat' dir='ltr'>sd</span> <span class='ocrx_word' id='word_1_146' title='bbox 377 3406 442 3456; x_wconf 83' lang='lat' dir='ltr'>hsec</span> <span class='ocrx_word' id='word_1_147' title='bbox 456 3407 499 3457; x_wconf 88' lang='lat' dir='ltr'>Ps.</span> <span class='ocrx_word' id='word_1_148' title='bbox 512 3408 611 3458; x_wconf 79' lang='lat' dir='ltr'>Matth.</span> <span class='ocrx_word' id='word_1_149' title='bbox 625 3409 666 3458; x_wconf 79' lang='lat'>25.</span> 
     </span>
    </p>

    <p class='ocr_par' dir='ltr' id='par_1_8' title="bbox 114 3490 1343 3987">
     <span class='ocr_line' id='line_1_21' title="bbox 191 3490 1331 3557; baseline 0.003 -17"><span class='ocrx_word' id='word_1_150' title='bbox 191 3490 215 3540; x_wconf 84' lang='lat'>2.</span> <span class='ocrx_word' id='word_1_151' title='bbox 235 3490 367 3542; x_wconf 86' lang='lat' dir='ltr'>Similiter</span> <span class='ocrx_word' id='word_1_152' title='bbox 380 3493 508 3557; x_wconf 83' lang='lat' dir='ltr'>seriptum</span> <span class='ocrx_word' id='word_1_153' title='bbox 522 3499 565 3542; x_wconf 81' lang='lat' dir='ltr'>est</span> <span class='ocrx_word' id='word_1_154' title='bbox 578 3495 606 3544; x_wconf 89' lang='lat' dir='ltr'>in</span> <span class='ocrx_word' id='word_1_155' title='bbox 620 3495 712 3544; x_wconf 84' lang='lat' dir='ltr'>codice</span> <span class='ocrx_word' id='word_1_156' title='bbox 726 3508 742 3543; x_wconf 83' lang='lat' dir='ltr'>n</span> <span class='ocrx_word' id='word_1_157' title='bbox 756 3493 798 3556; x_wconf 84' lang='lat' dir='ltr'>(uf</span> <span class='ocrx_word' id='word_1_158' title='bbox 808 3494 842 3543; x_wconf 85' lang='lat' dir='ltr'>ad</span> <span class='ocrx_word' id='word_1_159' title='bbox 855 3494 899 3543; x_wconf 85' lang='lat' dir='ltr'>Ps.</span> <span class='ocrx_word' id='word_1_160' title='bbox 912 3495 1011 3544; x_wconf 74' lang='lat' dir='ltr'>Mutth.</span> <span class='ocrx_word' id='word_1_161' title='bbox 1025 3494 1103 3543; x_wconf 81' lang='lat' dir='ltr'>XXV.</span> <span class='ocrx_word' id='word_1_162' title='bbox 1116 3492 1278 3556; x_wconf 58' lang='lat' dir='ltr'>adnotato:</span> <span class='ocrx_word' id='word_1_163' title='bbox 1298 3495 1331 3543; x_wconf 75' lang='lat' dir='ltr'>ln</span> 
     </span>
     <span class='ocr_line' id='line_1_22' title="bbox 121 3576 1339 3644; baseline 0.003 -19"><span class='ocrx_word' id='word_1_164' title='bbox 121 3577 172 3626; x_wconf 82' lang='lat' dir='ltr'>illa</span> <span class='ocrx_word' id='word_1_165' title='bbox 183 3577 282 3641; x_wconf 75' lang='lat' dir='ltr'>quidem</span> <span class='ocrx_word' id='word_1_166' title='bbox 294 3577 336 3626; x_wconf 81' lang='lat' dir='ltr'>die</span> <span class='ocrx_word' id='word_1_167' title='bbox 353 3579 439 3628; x_wconf 76' lang='lat' dir='ltr'>eriess</span> <span class='ocrx_word' id='word_1_168' title='bbox 450 3579 524 3628; x_wconf 79' lang='lat' dir='ltr'>Iesus</span> <span class='ocrx_word' id='word_1_169' title='bbox 541 3581 572 3628; x_wconf 83' lang='lat' dir='ltr'>de</span> <span class='ocrx_word' id='word_1_170' title='bbox 585 3581 689 3630; x_wconf 71' lang='lat' dir='ltr'>civitais</span> <span class='ocrx_word' id='word_1_171' title='bbox 707 3579 757 3629; x_wconf 85' lang='lat' dir='ltr'>illa</span> <span class='ocrx_word' id='word_1_172' title='bbox 771 3582 889 3642; x_wconf 69' lang='lat' dir='ltr'>perrexit</span> <span class='ocrx_word' id='word_1_173' title='bbox 904 3580 932 3628; x_wconf 84' lang='lat' dir='ltr'>irs</span> <span class='ocrx_word' id='word_1_174' title='bbox 950 3596 1039 3644; x_wconf 72' lang='lat' dir='ltr'>aprum</span> <span class='ocrx_word' id='word_1_175' title='bbox 1051 3576 1107 3643; x_wconf 86' lang='lat' dir='ltr'>[et]</span> <span class='ocrx_word' id='word_1_176' title='bbox 1121 3579 1183 3629; x_wconf 73' lang='lat' dir='ltr'>rutis</span> <span class='ocrx_word' id='word_1_177' title='bbox 1200 3579 1233 3627; x_wconf 81' lang='lat' dir='ltr'>de</span> <span class='ocrx_word' id='word_1_178' title='bbox 1251 3580 1339 3642; x_wconf 72' lang='lat' dir='ltr'>spiris</span> 
     </span>
     <span class='ocr_line' id='line_1_23' title="bbox 114 3664 1343 3729; baseline 0.003 -18"><span class='ocrx_word' id='word_1_179' title='bbox 114 3664 244 3728; x_wconf 74' lang='lat' dir='ltr'>frumenti</span> <span class='ocrx_word' id='word_1_180' title='bbox 256 3664 282 3712; x_wconf 68' lang='grc' dir='ltr'>ὄπ</span> <span class='ocrx_word' id='word_1_181' title='bbox 295 3679 369 3713; x_wconf 76' lang='lat' dir='ltr'>manu</span> <span class='ocrx_word' id='word_1_182' title='bbox 382 3681 437 3714; x_wconf 84' lang='lat' dir='ltr'>sua.</span> <span class='ocrx_word' id='word_1_183' title='bbox 456 3664 583 3715; x_wconf 77' lang='lat' dir='ltr'>Reuersus</span> <span class='ocrx_word' id='word_1_184' title='bbox 594 3667 629 3715; x_wconf 80' lang='lat' dir='ltr'>od</span> <span class='ocrx_word' id='word_1_185' title='bbox 638 3667 767 3715; x_wconf 73' lang='lat' dir='ltr'>civitates»</span> <span class='ocrx_word' id='word_1_186' title='bbox 779 3666 852 3715; x_wconf 78' lang='lat' dir='ltr'>illum</span> <span class='ocrx_word' id='word_1_187' title='bbox 862 3667 949 3729; x_wconf 75' lang='lat' dir='ltr'>posuit</span> <span class='ocrx_word' id='word_1_188' title='bbox 960 3681 1004 3714; x_wconf 85' lang='lat' dir='ltr'>eas</span> <span class='ocrx_word' id='word_1_189' title='bbox 1016 3681 1092 3728; x_wconf 76' lang='lat' dir='ltr'>saper</span> <span class='ocrx_word' id='word_1_190' title='bbox 1104 3666 1185 3729; x_wconf 65' lang='lat' dir='ltr'>iym</span> <span class='ocrx_word' id='word_1_191' title='bbox 1198 3665 1343 3715; x_wconf 65' lang='lat' dir='ltr'>triturant</span> 
     </span>
     <span class='ocr_line' id='line_1_24' title="bbox 121 3750 1340 3817; baseline 0.002 -18"><span class='ocrx_word' id='word_1_192' title='bbox 121 3765 173 3805; x_wconf 85' lang='lat' dir='ltr'>sus,</span> <span class='ocrx_word' id='word_1_193' title='bbox 185 3753 211 3797; x_wconf 83' lang='lat' dir='ltr'>et</span> <span class='ocrx_word' id='word_1_194' title='bbox 223 3751 305 3812; x_wconf 76' lang='lat' dir='ltr'>respit</span> <span class='ocrx_word' id='word_1_195' title='bbox 316 3750 397 3799; x_wconf 74' lang='lat' dir='ltr'>edere.</span> <span class='ocrx_word' id='word_1_196' title='bbox 422 3751 504 3801; x_wconf 76' lang='lat' dir='ltr'>Dedit</span> <span class='ocrx_word' id='word_1_197' title='bbox 514 3756 598 3801; x_wconf 65' lang='lat' dir='ltr'>osuin</span> <span class='ocrx_word' id='word_1_198' title='bbox 610 3751 687 3802; x_wconf 66' lang='lat' dir='ltr'>talam</span> <span class='ocrx_word' id='word_1_199' title='bbox 696 3753 811 3816; x_wconf 67' lang='lat' dir='ltr'>pralium</span> <span class='ocrx_word' id='word_1_200' title='bbox 823 3751 866 3799; x_wconf 82' lang='lat' dir='ltr'>s&#39;lls&#39;</span> <span class='ocrx_word' id='word_1_201' title='bbox 879 3768 942 3815; x_wconf 74' lang='lat' dir='ltr'>apro</span> <span class='ocrx_word' id='word_1_202' title='bbox 955 3756 984 3800; x_wconf 78' lang='lat' dir='ltr'>at</span> <span class='ocrx_word' id='word_1_203' title='bbox 995 3750 1104 3815; x_wconf 74' lang='lat' dir='ltr'>sispsls‘s</span> <span class='ocrx_word' id='word_1_204' title='bbox 1115 3751 1193 3800; x_wconf 73' lang='lat' dir='ltr'>assis</span> <span class='ocrx_word' id='word_1_205' title='bbox 1205 3752 1340 3817; x_wconf 70' lang='lat' dir='ltr'>samsur-</span> 
     </span>
     <span class='ocr_line' id='line_1_25' title="bbox 121 3835 1342 3901; baseline 0.002 -18"><span class='ocrx_word' id='word_1_206' title='bbox 121 3835 159 3883; x_wconf 76' lang='lat' dir='ltr'>n&#39;t</span> <span class='ocrx_word' id='word_1_207' title='bbox 176 3835 325 3892; x_wconf 78' lang='lat' dir='ltr'>seminatus,</span> <span class='ocrx_word' id='word_1_208' title='bbox 343 3840 380 3886; x_wconf 78' lang='lat' dir='ltr'>tot</span> <span class='ocrx_word' id='word_1_209' title='bbox 396 3837 493 3886; x_wconf 77' lang='lat' dir='ltr'>ssods&#39;os</span> <span class='ocrx_word' id='word_1_210' title='bbox 507 3839 587 3901; x_wconf 72' lang='lat' dir='ltr'>prasi</span> <span class='ocrx_word' id='word_1_211' title='bbox 604 3838 766 3887; x_wconf 72' lang='lat' dir='ltr'>dominusne</span> <span class='ocrx_word' id='word_1_212' title='bbox 784 3838 879 3887; x_wconf 77' lang='lat' dir='ltr'>reddat</span> <span class='ocrx_word' id='word_1_213' title='bbox 896 3841 957 3900; x_wconf 81' lang='lat' dir='ltr'>quot</span> <span class='ocrx_word' id='word_1_214' title='bbox 971 3852 1058 3900; x_wconf 66' lang='lat' dir='ltr'>prosa</span> <span class='ocrx_word' id='word_1_215' title='bbox 1075 3837 1106 3886; x_wconf 81' lang='lat' dir='ltr'>ds</span> <span class='ocrx_word' id='word_1_216' title='bbox 1124 3837 1179 3899; x_wconf 83' lang='lat' dir='ltr'>ipso</span> <span class='ocrx_word' id='word_1_217' title='bbox 1192 3842 1342 3889; x_wconf 70' lang='lat' dir='ltr'>nmat-</span> 
     </span>
     <span class='ocr_line' id='line_1_26' title="bbox 123 3920 650 3987; baseline 0.011 -20"><span class='ocrx_word' id='word_1_218' title='bbox 123 3920 278 3984; x_wconf 75' lang='lat' dir='ltr'>Pariumque</span> <span class='ocrx_word' id='word_1_219' title='bbox 290 3925 337 3970; x_wconf 79' lang='lat' dir='ltr'>est.</span> <span class='ocrx_word' id='word_1_220' title='bbox 361 3920 402 3972; x_wconf 79' lang='lat' dir='ltr'>Cf.</span> <span class='ocrx_word' id='word_1_221' title='bbox 416 3928 452 3975; x_wconf 83' lang='lat' dir='ltr'>et.</span> <span class='ocrx_word' id='word_1_222' title='bbox 465 3923 536 3973; x_wconf 76' lang='lat' dir='ltr'>infra</span> <span class='ocrx_word' id='word_1_223' title='bbox 549 3938 607 3987; x_wconf 83' lang='lat' dir='ltr'>esp.</span> <span class='ocrx_word' id='word_1_224' title='bbox 619 3923 650 3974; x_wconf 82' lang='lat' dir='ltr'>X.</span> 
     </span>
    </p>

    <p class='ocr_par' dir='ltr' id='par_1_9' title="bbox 121 4005 1344 4245">
     <span class='ocr_line' id='line_1_27' title="bbox 191 4005 1344 4073; baseline 0.004 -19"><span class='ocrx_word' id='word_1_225' title='bbox 191 4008 214 4055; x_wconf 85' lang='grc'>3.</span> <span class='ocrx_word' id='word_1_226' title='bbox 233 4005 333 4056; x_wconf 77' lang='lat' dir='ltr'>Esdsm</span> <span class='ocrx_word' id='word_1_227' title='bbox 351 4008 407 4058; x_wconf 79' lang='lat' dir='ltr'>fara</span> <span class='ocrx_word' id='word_1_228' title='bbox 426 4008 507 4058; x_wconf 85' lang='lat' dir='ltr'>verbs</span> <span class='ocrx_word' id='word_1_229' title='bbox 525 4009 554 4058; x_wconf 92' lang='lat' dir='ltr'>in</span> <span class='ocrx_word' id='word_1_230' title='bbox 571 4023 589 4058; x_wconf 83' lang='lat' dir='ltr'>n</span> <span class='ocrx_word' id='word_1_231' title='bbox 608 4009 793 4073; x_wconf 82' lang='lat' dir='ltr'>reperiuntur,</span> <span class='ocrx_word' id='word_1_232' title='bbox 811 4023 879 4072; x_wconf 83' lang='lat' dir='ltr'>quse</span> <span class='ocrx_word' id='word_1_233' title='bbox 897 4009 949 4058; x_wconf 88' lang='lat' dir='ltr'>ism</span> <span class='ocrx_word' id='word_1_234' title='bbox 966 4007 1000 4057; x_wconf 89' lang='lat' dir='ltr'>sd</span> <span class='ocrx_word' id='word_1_235' title='bbox 1013 4008 1056 4057; x_wconf 79' lang='lat' dir='ltr'>Pr.</span> <span class='ocrx_word' id='word_1_236' title='bbox 1068 4007 1169 4058; x_wconf 79' lang='lat' dir='ltr'>Mstth·</span> <span class='ocrx_word' id='word_1_237' title='bbox 1183 4007 1267 4060; x_wconf 81' lang='lat' dir='ltr'>XXV.</span> <span class='ocrx_word' id='word_1_238' title='bbox 1286 4009 1344 4059; x_wconf 84' lang='lat' dir='ltr'>sd·</span> 
     </span>
     <span class='ocr_line' id='line_1_28' title="bbox 121 4091 1344 4158; baseline 0.004 -19"><span class='ocrx_word' id='word_1_239' title='bbox 121 4091 285 4155; x_wconf 72' lang='lat' dir='ltr'>scripsimus.</span> <span class='ocrx_word' id='word_1_240' title='bbox 316 4092 429 4158; x_wconf 74' lang='lat' dir='ltr'>Legitur</span> <span class='ocrx_word' id='word_1_241' title='bbox 446 4095 517 4144; x_wconf 86' lang='lat' dir='ltr'>enim</span> <span class='ocrx_word' id='word_1_242' title='bbox 535 4095 587 4145; x_wconf 87' lang='lat' dir='ltr'>ibi:</span> <span class='ocrx_word' id='word_1_243' title='bbox 610 4095 703 4158; x_wconf 71' lang='lat' dir='ltr'>Ioseph</span> <span class='ocrx_word' id='word_1_244' title='bbox 720 4099 803 4144; x_wconf 74' lang='lat' dir='ltr'>astons</span> <span class='ocrx_word' id='word_1_245' title='bbox 824 4099 849 4143; x_wconf 80' lang='lat' dir='ltr'>et</span> <span class='ocrx_word' id='word_1_246' title='bbox 868 4095 960 4144; x_wconf 79' lang='lat' dir='ltr'>Morio</span> <span class='ocrx_word' id='word_1_247' title='bbox 975 4095 1111 4158; x_wconf 73' lang='lat' dir='ltr'>hospitium</span> <span class='ocrx_word' id='word_1_248' title='bbox 1128 4099 1286 4158; x_wconf 64' lang='lat' dir='ltr'>aeceperunt</span> <span class='ocrx_word' id='word_1_249' title='bbox 1304 4096 1344 4144; x_wconf 64' lang='grc' dir='ltr'>ἐκ</span> 
     </span>
     <span class='ocr_line' id='line_1_29' title="bbox 121 4176 947 4245; baseline 0.006 -19"><span class='ocrx_word' id='word_1_250' title='bbox 121 4176 193 4226; x_wconf 73' lang='lat' dir='ltr'>domo</span> <span class='ocrx_word' id='word_1_251' title='bbox 206 4177 336 4227; x_wconf 74' lang='lat' dir='ltr'>cuiusdam</span> <span class='ocrx_word' id='word_1_252' title='bbox 347 4180 448 4238; x_wconf 69' lang='lat' dir='ltr'>uideas,</span> <span class='ocrx_word' id='word_1_253' title='bbox 458 4181 629 4245; x_wconf 72' lang='lat' dir='ltr'>feceruntque</span> <span class='ocrx_word' id='word_1_254' title='bbox 640 4197 733 4229; x_wconf 76' lang='lat' dir='ltr'>assum</span> <span class='ocrx_word' id='word_1_255' title='bbox 744 4180 772 4229; x_wconf 75' lang='lat' dir='ltr'>is</span> <span class='ocrx_word' id='word_1_256' title='bbox 783 4181 869 4231; x_wconf 74' lang='lat' dir='ltr'>eodem</span> <span class='ocrx_word' id='word_1_257' title='bbox 883 4181 947 4231; x_wconf 82' lang='lat' dir='ltr'>loco.</span> 
     </span>
    </p>

    <p class='ocr_par' dir='ltr' id='par_1_10' title="bbox 118 4263 1351 4505">
     <span class='ocr_line' id='line_1_30' title="bbox 189 4263 1344 4332; baseline 0.004 -20"><span class='ocrx_word' id='word_1_258' title='bbox 189 4264 214 4312; x_wconf 79' lang='lat'>4.</span> <span class='ocrx_word' id='word_1_259' title='bbox 234 4263 307 4314; x_wconf 77' lang='lat' dir='ltr'>Haeo</span> <span class='ocrx_word' id='word_1_260' title='bbox 320 4264 360 4314; x_wconf 82' lang='lat' dir='ltr'>its</span> <span class='ocrx_word' id='word_1_261' title='bbox 372 4278 405 4314; x_wconf 82' lang='lat' dir='ltr'>n:</span> <span class='ocrx_word' id='word_1_262' title='bbox 424 4265 464 4314; x_wconf 71' lang='lat' dir='ltr'>Et</span> <span class='ocrx_word' id='word_1_263' title='bbox 472 4268 566 4332; x_wconf 74' lang='lat' dir='ltr'>suctus</span> <span class='ocrx_word' id='word_1_264' title='bbox 577 4272 616 4316; x_wconf 78' lang='lat' dir='ltr'>est</span> <span class='ocrx_word' id='word_1_265' title='bbox 627 4268 700 4317; x_wconf 72' lang='lat' dir='ltr'>Iesus</span> <span class='ocrx_word' id='word_1_266' title='bbox 711 4284 833 4319; x_wconf 75' lang='lat' dir='ltr'>asnorum</span> <span class='ocrx_word' id='word_1_267' title='bbox 846 4270 931 4318; x_wconf 76' lang='lat' dir='ltr'>trium.</span> <span class='ocrx_word' id='word_1_268' title='bbox 955 4268 994 4317; x_wconf 71' lang='lat' dir='ltr'>Et</span> <span class='ocrx_word' id='word_1_269' title='bbox 1006 4283 1060 4316; x_wconf 77' lang='lat' dir='ltr'>oum</span> <span class='ocrx_word' id='word_1_270' title='bbox 1071 4268 1178 4318; x_wconf 73' lang='lat' dir='ltr'>uidisset</span> <span class='ocrx_word' id='word_1_271' title='bbox 1190 4268 1249 4318; x_wconf 69' lang='lat' dir='ltr'>luds·</span> <span class='ocrx_word' id='word_1_272' title='bbox 1284 4283 1344 4317; x_wconf 80' lang='lat' dir='ltr'>are</span> 
     </span>
     <span class='ocr_line' id='line_1_31' title="bbox 118 4350 1344 4418; baseline 0.006 -21"><span class='ocrx_word' id='word_1_273' title='bbox 118 4362 227 4410; x_wconf 76' lang='lat' dir='ltr'>pueros,</span> <span class='ocrx_word' id='word_1_274' title='bbox 246 4350 329 4412; x_wconf 67' lang='lat' dir='ltr'>eoepit</span> <span class='ocrx_word' id='word_1_275' title='bbox 344 4351 398 4412; x_wconf 82' lang='lat' dir='ltr'>ipss</span> <span class='ocrx_word' id='word_1_276' title='bbox 409 4350 498 4401; x_wconf 77' lang='lat' dir='ltr'>luders</span> <span class='ocrx_word' id='word_1_277' title='bbox 510 4367 565 4400; x_wconf 76' lang='lat' dir='ltr'>oss»</span> <span class='ocrx_word' id='word_1_278' title='bbox 576 4353 620 4402; x_wconf 83' lang='lat' dir='ltr'>ss&#39;s.</span> <span class='ocrx_word' id='word_1_279' title='bbox 646 4352 753 4417; x_wconf 74' lang='lat' dir='ltr'>Cumque</span> <span class='ocrx_word' id='word_1_280' title='bbox 770 4355 909 4415; x_wconf 76' lang='lat' dir='ltr'>accepisset</span> <span class='ocrx_word' id='word_1_281' title='bbox 917 4353 1012 4417; x_wconf 73' lang='lat' dir='ltr'>pisum</span> <span class='ocrx_word' id='word_1_282' title='bbox 1024 4354 1126 4403; x_wconf 72' lang='lat' dir='ltr'>aridum</span> <span class='ocrx_word' id='word_1_283' title='bbox 1139 4354 1183 4418; x_wconf 78' lang='lat' dir='ltr'>qui</span> <span class='ocrx_word' id='word_1_284' title='bbox 1200 4357 1262 4404; x_wconf 74' lang='lat' dir='ltr'>orat</span> <span class='ocrx_word' id='word_1_285' title='bbox 1274 4352 1344 4404; x_wconf 76' lang='lat' dir='ltr'>sole</span> 
     </span>
     <span class='ocr_line' id='line_1_32' title="bbox 122 4431 1351 4505; baseline 0.004 -21"><span class='ocrx_word' id='word_1_286' title='bbox 122 4431 193 4495; x_wconf 86' lang='lat' dir='ltr'>(eod.</span> <span class='ocrx_word' id='word_1_287' title='bbox 205 4434 266 4498; x_wconf 80' lang='lat' dir='ltr'>soli)</span> <span class='ocrx_word' id='word_1_288' title='bbox 278 4436 403 4495; x_wconf 75' lang='lat' dir='ltr'>iactatus,</span> <span class='ocrx_word' id='word_1_289' title='bbox 419 4437 489 4488; x_wconf 71' lang='lat' dir='ltr'>misit</span> <span class='ocrx_word' id='word_1_290' title='bbox 500 4454 555 4489; x_wconf 68' lang='grc' dir='ltr'>ωσι</span> <span class='ocrx_word' id='word_1_291' title='bbox 565 4439 593 4488; x_wconf 78' lang='lat' dir='ltr'>is</span> <span class='ocrx_word' id='word_1_292' title='bbox 600 4438 696 4503; x_wconf 77' lang='lat' dir='ltr'>pelvim</span> <span class='ocrx_word' id='word_1_293' title='bbox 708 4455 763 4490; x_wconf 78' lang='lat' dir='ltr'>essm</span> <span class='ocrx_word' id='word_1_294' title='bbox 775 4455 843 4505; x_wconf 68' lang='lat' dir='ltr'>aoso</span> <span class='ocrx_word' id='word_1_295' title='bbox 855 4444 882 4490; x_wconf 80' lang='lat' dir='ltr'>st</span> <span class='ocrx_word' id='word_1_296' title='bbox 887 4441 1025 4505; x_wconf 71' lang='lat' dir='ltr'>praecepit</span> <span class='ocrx_word' id='word_1_297' title='bbox 1034 4440 1060 4490; x_wconf 80' lang='lat' dir='ltr'>si</span> <span class='ocrx_word' id='word_1_298' title='bbox 1070 4443 1100 4490; x_wconf 81' lang='lat' dir='ltr'>st</span> <span class='ocrx_word' id='word_1_299' title='bbox 1108 4439 1267 4504; x_wconf 76' lang='lat' dir='ltr'>palpitant.</span> <span class='ocrx_word' id='word_1_300' title='bbox 1291 4440 1351 4491; x_wconf 71' lang='lat' dir='ltr'>Et</span> 
     </span>
    </p>
   </div>
   <div class='ocr_carea' id='block_1_5' title="bbox 0 0 1489 4912">
    <p class='ocr_par' dir='ltr' id='par_1_11' title="bbox 0 0 1489 4912">
     <span class='ocr_line' id='line_1_33' title="bbox 0 0 1489 4912; baseline 0 0"><span class='ocrx_word' id='word_1_301' title='bbox 0 0 1489 4912; x_wconf 95' lang='lat' dir='ltr'> </span> 
     </span>
    </p>
   </div>
  </div>
 </body>
</html>
