2962 4912
225 303 316 349 XVIII
687 280 960 335 Psonnoonnus.

225 438 311 504 tatio
332 459 446 503 eorum
463 458 546 520 quae
565 435 653 518 apud
667 434 981 501 Pseudeustathium
998 436 1104 516 (Euat)
1122 457 1161 500 ex
1177 435 1427 518 proterangelio

225 550 395 635 leguntnr3
411 550 491 614 item
506 546 665 614 nonnulla
681 568 721 613 ex
736 547 906 616 Germano
922 547 1116 629 patriarcha
1127 547 1263 629 (Germ),
1278 547 1428 628 Georgio

226 659 473 726 Nicomediensi
495 660 603 741 (Gur),
625 657 748 724 Iaoobo
771 658 935 724 monacho
960 659 1042 739 (lac)
1066 657 1249 740 petivimus.
1293 657 1428 723 Horum

226 772 323 854 plura
344 773 411 838 iam
434 770 522 854 apud
544 769 721 835 Thilonem
743 769 923 851 habentur,
953 769 1104 834 nonnihil
1127 770 1227 834 etiarn
1249 769 1316 833 iam
1339 768 1429 852 apud

226 883 428 964 Fabricium,
452 880 510 945 sed
532 902 592 945 nos
616 881 727 945 omnia
750 901 790 946 ex
809 880 891 963 ipsis
908 881 1026 946 horum
1041 884 1173 963 patrum
1188 880 1283 946 libris
1294 881 1318 962 ¹)
1342 887 1429 946 attu-

225 994 332 1059 limus.
375 992 480 1058 Primi
509 1013 586 1058 vero
616 1013 752 1075 operam
780 991 929 1056 dedimus
960 996 997 1056 ut
1024 1012 1064 1056 ex
1095 991 1247 1057 omnibus
1279 992 1428 1076 antiquis

225 1105 424 1170 testimoniis
448 1107 519 1169 arte
544 1104 662 1168 critica
683 1108 811 1169 textum
832 1124 932 1186 quam
954 1104 1097 1167 maxime
1119 1103 1328 1186 probabilem
1352 1126 1429 1170 oon-

226 1217 451 1282 stitueremus:
473 1234 626 1298 quaeres
640 1215 753 1298 magni
768 1215 892 1280 laboris
908 1214 972 1279 fuit
987 1235 1103 1298 neque,
1121 1214 1156 1279 ni
1170 1214 1277 1297 fallor,
1294 1215 1428 1281 frustra.

313 1326 597 1391 instrumenta
623 1330 755 1391 autem
784 1325 932 1390 critica
954 1325 1099 1408 quibus
1128 1325 1168 1389 in
1191 1325 1343 1392 edendo
1365 1329 1429 1392 usi

226 1458 359 1504 sumus
381 1437 481 1502 haee
504 1442 605 1502 sunt.

267 1571 290 1615 s
311 1551 332 1614 i.
342 1570 369 1614 e.
377 1549 528 1616 Venetus
543 1547 739 1614 Marcianus
754 1547 847 1614 class.
861 1546 910 1612 ΙΙ.
926 1554 1013 1612 nu'm.
1024 1547 1141 1613 XLII.
1157 1548 1282 1614 saeculi
1297 1548 1366 1614 fere
1383 1549 1427 1613 X

312 1660 397 1728 Sunt
423 1659 504 1725 folia
535 1659 790 1724 membranacea
819 1679 950 1741 novem,
982 1680 1002 1724 a
1031 1658 1144 1725 codiee
1176 1660 1316 1742 antiquo
1348 1661 1427 1725 olim

313 1771 436 1853 avulsa,
459 1790 547 1835 nunc
569 1770 745 1835 chartaceo
767 1774 959 1853 tegumento
981 1771 1140 1836 involuta.
1177 1769 1226 1836 cf.
1245 1771 1362 1836 Graeci
1380 1795 1427 1835 co-

312 1885 392 1945 dices
419 1885 620 1966 manuscripti
644 1883 730 1966 apud
752 1882 874 1944 Nauius
899 1886 1054 1945 asemona.
1093 1883 1212 1946 Bonou.
1238 1883 1329 1947 llssl.
1372 1881 1427 1947 Ibi

314 1999 365 2058 est
387 1992 459 2057 eod.
474 1990 573 2073 CIV„
597 1996 631 2056 st
647 1997 784 2057 notatur
805 1992 966 2056 sermonis
985 1992 1157 2076 trigesimi,
1180 1993 1237 2075 qui
1259 1993 1292 2058 in
1316 1993 1428 2058 codiee

313 2103 534 2186 praecedebat
561 2103 845 2186 proterangelium
874 2103 1040 2185 signatum
1067 2125 1204 2170 numero
1227 2116 1287 2179 λᾱ,
1316 2125 1428 2187 super-

312 2235 384 2280 esse
416 2214 617 2294 clausulam,
654 2214 735 2279 item
766 2215 925 2279 sermonis
957 2215 1119 2297 trigesimi
1150 2216 1284 2280 secundi
1321 2215 1428 2282 solum

309 2325 459 2406 titulum,
494 2326 551 2408 qui
580 2331 630 2389 est
657 2324 828 2389 ῡωὸθεσισ
855 2325 1028 2409 σύμτομοσ
1058 2319 1126 2390 reio
1158 2325 1335 2410 εὐρέσεωσ
1365 2320 1429 2389 τοῦ

312 2435 412 2520 ἁγίου
440 2430 603 2519 σταυροῦ·
649 2434 921 2520 ἁμαγιμώσκεται
952 2437 989 2498 δὲ
1015 2434 1077 2520 reip
1106 2436 1141 2498 ιδ’
1166 2432 1229 2501 τοῦ
1255 2440 1426 2520 Cemressp.

313 2546 429 2631 papio.
474 2545 617 2611 Textum
639 2547 806 2628 integrum
828 2547 1121 2628 transscripsimus.

269 2678 291 2724 s
313 2659 333 2721 i.
350 2678 377 2723 e.
391 2657 541 2725 Venetus
556 2657 748 2722 Marcianus
770 2679 906 2723 numero
923 2653 1147 2724 Occnxm.
1163 2659 1319 2742 signatus.
1361 2661 1427 2726 Rs-

312 2769 440 2834 oentior
465 2773 517 2834 est
545 2768 658 2835 codiee
681 2790 718 2849 s,
749 2768 806 2834 sed
832 2769 916 2833 nihil
944 2770 1085 2852 amplius
1110 2770 1151 2836 de
1178 2793 1217 2837 so
1240 2773 1274 2836 in
1298 2773 1428 2838 schedis

313 2879 395 2944 meis
417 2884 571 2945 notatum
593 2879 711 2963 reperi.
754 2878 930 2964 Integrum
951 2883 1246 2965 transscripsimus.

270 3009 289 3055 c
311 2990 332 3054 i.
349 3012 376 3054 e.
391 2990 499 3055 Paris.
514 2990 597 3073 Bag.
613 3011 700 3055 nunc
715 2989 851 3055 Nation.
874 3012 962 3056 num.
981 2993 1070 3056 1454.
1094 2993 1216 3059 saeculi
1239 2993 1285 3058 X.
1319 2994 1426 3075 Thilo,

311 3102 366 3166 oui
393 3106 529 3166 notatur
557 3101 640 3185 siglo
663 3123 698 3183 s,
727 3106 856 3168 textum
883 3103 980 3167 huius
1009 3105 1254 3187 „antiquissimi
1277 3111 1310 3170 et
1332 3128 1427 3188 pras-

312 3212 527 3277 stantissimi“
550 3211 673 3277 codicis
695 3211 767 3278 looo
790 3213 915 3296 vulgati
938 3213 1050 3279 edidit.

267 3344 290 3388 1>
313 3325 334 3388 i.
350 3346 376 3388 s.
397 3323 504 3388 Paris.
526 3321 610 3406 Reg.
633 3345 720 3388 nunc
742 3323 878 3390 Nation.
900 3347 987 3389 num.
1007 3328 1096 3391 1215.
1120 3348 1207 3393 anno
1233 3331 1323 3393 1068.
1347 3331 1427 3394 sori·

310 3440 396 3517 ptus.
434 3434 542 3516 Thilo,
565 3435 655 3518 apud
674 3456 771 3518 quem
794 3434 877 3519 siglo
900 3457 921 3500 n
943 3442 1088 3520 notatur,
1111 3439 1310 3521 scripturam
1329 3442 1427 3506 istius

312 3550 413 3629 atque
437 3547 506 3610 eius
528 3547 585 3629 qui
609 3548 761 3629 sequitur
783 3568 856 3611 oum
880 3569 938 3612 suo
961 3553 1055 3613 textu
1078 3556 1232 3616 aoourate
1254 3573 1289 3615 so
1312 3560 1426 3617 eontu-

310 3656 426 3722 tulisse
450 3657 538 3722 dicit

266 3789 288 3835 n
312 3769 331 3833 i.
348 3790 374 3833 e.
397 3768 505 3832 Paris.
529 3768 612 3851 Reg.
635 3789 722 3833 nuno
743 3767 878 3834 Nation.
901 3791 988 3834 num.
1011 3773 1101 3837 1468.
1124 3772 1245 3837 saeculi
1262 3772 1327 3838 XI.
1372 3773 1426 3840 De

313 3878 492 3944 collatione
520 3878 686 3961 Thilonis‚
719 3881 771 3943 eui
799 3879 882 3964 siglo
907 3900 925 3945 c
953 3880 1173 3964 significatur,
1204 3883 1275 3947 vide
1304 3884 1345 3949 ad
1374 3907 1426 3950 co·

312 3988 417 4054 dinem
438 4009 471 4054 n.

255 4109 291 4164 n·
311 4101 333 4165 i.
349 4122 375 4165 e.
393 4105 505 4165 textus
527 4121 622 4183 quem
647 4122 686 4166 ex
703 4100 861 4167 Neandro
885 4108 959 4184 post
977 4103 1168 4186 Grynueum
1182 4104 1359 4170 Fabricius
1377 4127 1426 4171 re·

312 4211 418 4294 petiit.
463 4210 549 4278 Vide
573 4232 673 4294 supra
695 4232 768 4296 pag.
784 4211 863 4279 XV.

312 4329 392 4432 ¹le
411 4370 453 4419 his
471 4370 533 4420 vido
552 4385 632 4434 supra
656 4385 717 4435 ρας.
735 4370 795 4422 xn.
