2962 4912
358 329 696 379 acauno-merram
715 329 958 381 avuncunlum.
987 328 1060 380 CAP.
1080 329 1155 380 xm.
1320 333 1360 395 79

150 497 253 559 peres
266 480 343 544 siue
355 479 589 544 retributione
607 480 823 562 acceptionis
836 481 963 560 curavi,
983 479 1024 543 de
1035 478 1140 543 vidua
1156 487 1191 544 et
1203 480 1358 564 orphano

157 582 244 648 nihil
261 585 393 667 accepi,
412 588 447 648 et
463 583 603 665 inopem
618 602 763 647 vacuum
781 606 801 647 a
816 604 869 647 me
887 585 937 648 ire
955 604 1143 665 numquam
1161 583 1288 648 dimisi.
1312 584 1360 649 Et

160 707 235 752 ecce
245 687 376 752 misera
384 686 480 750 facta
490 691 720 768 sumpropter
736 685 1020 751 incredulitatem
1032 706 1153 768 meam,
1174 688 1258 771 quia
1274 707 1359 751 ausa

163 791 208 857 lui
224 796 392 873 temptare
410 790 578 871 virginem
594 795 700 852 tuam.

240 912 252 946 ⁶
270 907 427 993 Cumque
445 908 531 974 haec
550 907 699 989 diceret,
723 908 887 991 apparuit
906 910 1002 974 iuxta
1020 909 1117 974 illam
1133 911 1268 975 iuvenis
1286 911 1360 992 qui-

170 1015 233 1079 dam
248 1012 345 1078 valde
364 1011 570 1095 splendidus
582 1011 703 1075 dicens
721 1013 769 1075 ei:
794 1007 935 1076 Accede
953 1013 997 1076 ad
1013 1013 1182 1077 infantem
1201 1019 1236 1077 et
1252 1012 1361 1077 adora

172 1139 234 1184 eum
255 1124 289 1180 et
312 1117 475 1199 continge
499 1116 541 1180 de
562 1136 666 1179 manu
686 1120 761 1195 tua,
784 1120 819 1179 et
839 1115 914 1197 ipse
938 1114 1085 1179 salvabit
1106 1121 1155 1196 te,
1180 1116 1263 1198 quia
1283 1117 1360 1198 ipse

174 1228 215 1288 est
232 1220 381 1285 salvator
403 1219 513 1284 seculi
535 1225 570 1283 et
592 1219 744 1284 omnium
767 1218 983 1301 sperantium
1005 1219 1042 1281 in
1064 1238 1110 1281 se.
1159 1217 1256 1301 Quae
1281 1240 1360 1284 con-

176 1325 272 1392 festim
294 1323 339 1387 ad
359 1321 531 1387 infantem
552 1322 717 1402 accessit,
741 1327 775 1386 et
798 1322 948 1386 adorans
971 1342 1049 1385 eum
1065 1320 1184 1404 tetigit
1206 1321 1359 1387 fimbrias

177 1446 366 1513 pannorum,
387 1425 569 1507 inquibus
591 1423 708 1489 inians
730 1431 806 1489 erat
827 1424 1021 1505 involutus,
1045 1429 1081 1487 et
1101 1424 1219 1488 statim
1237 1432 1360 1490 sanata

179 1537 217 1597 est
237 1550 355 1594 manus
382 1529 468 1594 eius.
513 1528 562 1592 Et
587 1529 706 1593 exiens
733 1527 826 1592 foras
845 1527 1002 1617 ⁸clamare
1033 1527 1151 1609 coepit
1181 1532 1216 1591 et
1240 1527 1358 1593 dicere

179 1631 330 1716 magnalia
339 1631 506 1695 virtutum
523 1651 612 1712 quae
623 1628 759 1694 viderat
776 1636 810 1693 et
827 1650 916 1713 quae
933 1650 1038 1712 passa
1051 1630 1177 1710 fuerat,
1198 1635 1233 1694 et
1244 1651 1360 1713 quem-

180 1733 340 1802 admodum
364 1739 485 1798 curata
505 1732 636 1814 fuerat,
659 1734 710 1797 ita
730 1739 769 1795 ut
789 1732 833 1797 ad
850 1732 1149 1815 praedicationem
1167 1733 1242 1797 eius
1258 1732 1360 1797 mult-i

181 1837 350 1904 crederent.

245 1955 358 2020 ‘Nam
376 1961 412 2020 et
426 1963 586 2039 pastores
607 1956 720 2020 ovium
737 1955 943 2021 asserebant
960 1976 996 2020 se
1013 1957 1157 2039 angelos
1174 1956 1304 2020 vidisse
1320 1957 1357 2020 in

182 2060 272 2127 nodio
288 2060 403 2125 noctis
420 2059 583 2142 hymnum
595 2058 765 2140 (licentes,
783 2058 886 2124 deum
898 2059 987 2124 caeli
1003 2058 1188 2124 laudantes
1206 2064 1241 2122 et
1257 2059 1361 2123 bene-

183 2165 329 2242 dicentem
354 2168 389 2225 et
405 2161 564 2225 dicentes
582 2163 665 2242 quia
681 2167 784 2225 natus
802 2168 855 2226 est
872 2162 1022 2226 salvator
1038 2163 1207 2241 omnium,
1230 2162 1290 2244 qui
1308 2167 1362 2226 est

183 2266 317 2332 Christus
335 2264 507 2342 dominus
525 2265 560 2327 in
579 2285 647 2345 quo
666 2267 873 2330 restituetur
889 2265 983 2329 salus
1001 2263 1123 2329 Israel.

184 2444 370 2452 —-—-——-

182 2565 231 2612 item
240 2561 331 2610 cmieeo
344 2566 441 2624 accept.
454 2573 506 2617 ης
520 2571 536 2608 c
548 2560 603 2607 eine
615 2560 760 2621 acceptione
768 2559 971 2616 retributionum,
983 2573 1002 2608 1>
1012 2560 1067 2607 riae
1076 2559 1252 2608 retributionis
1260 2576 1360 2608 manere

183 2647 329 2709 luaoidra
344 2644 348 2708 Ι
363 2659 378 2694 c
392 2647 509 2708 orphana
523 2644 526 2707 Ι
541 2661 646 2692 vacrum
664 2660 681 2690 a
693 2660 730 2691 me
743 2644 780 2690 irc
794 2644 843 2704 (AB
861 2661 877 2692 a
888 2661 926 2692 me
942 2646 981 2692 ire
992 2659 1063 2701 raa,
1080 2656 1150 2692 com
1164 2645 1214 2706 ire)
1227 2661 1360 2708 numquam

182 2730 278 2793 (aenae)
290 2732 376 2780 dimisi
388 2737 419 2779 ut
432 2743 518 2789 enom
538 2734 591 2779 aet
604 2732 672 2792 inop.
685 2746 702 2776 a
713 2745 751 2777 me
763 2745 818 2778 rac.
831 2746 880 2779 aar
897 2732 970 2779 amici
984 2728 987 2793 Ι
1002 2746 1095 2778 marm
1115 2728 1202 2794 ιιοιιιΙ
1219 2731 1280 2793 qaia
1296 2746 1360 2777 aaea

175 2819 211 2881 je·
220 2843 226 2852 ·
236 2821 297 2865 team
310 2817 341 2878 (n
355 2814 482 2876 sanctam)
501 2821 613 2873 ut01>23
630 2829 665 2862 aa
678 2815 739 2878 qaia
754 2815 809 2863 aiae
828 2830 906 2862 cauea
918 2819 1002 2878 tempt.
1016 2816 1085 2864 colai
1097 2817 1162 2879 oirp.
1176 2820 1253 2863 tram.
1280 2814 1358 2864 Prec-

182 2911 237 2953 teree
246 2916 276 2951 es
289 2901 342 2950 add
355 2918 420 2965 quae
429 2903 533 2965 peperit
545 2901 574 2960 (a
586 2899 681 2961 veniet)
696 2901 778 2948 baraca
790 2916 875 2948 certon
888 2904 913 2948 et
920 2905 982 2963 port
989 2906 1095 2963 partera
1108 2902 1179 2965 uirpo
1189 2902 1333 2964 permansit

231 3004 252 3053 5.
269 3005 375 3067 &mque
384 3007 416 3051 ut
425 3015 478 3061 οὓς
492 3016 508 3050 r
519 3002 557 3050 Et
567 3019 629 3059 cura,
643 3015 678 3050 nn
691 3003 750 3050 &aar
761 2998 765 3065 Ι
778 3002 863 3050 illam.-
876 3014 892 3049 Δ
903 3017 959 3049 eam
970 2999 974 3065 Ι
984 3003 1080 3051 icamia
1089 3005 1193 3067 quidam
1202 3007 1233 3052 ut
1243 3016 1312 3061 erm
1326 3014 1360 3051 ca

182 3105 212 3138 on
220 3091 309 3152 puidam
321 3087 325 3152 Ι
337 3089 472 3151 valdeepl.
483 3095 514 3136 ut
524 3101 595 3147 en1>3
606 3088 831 3151 replendaeimae,
842 3099 857 3136 o
867 3086 1031 3151 splendidae!
1044 3102 1111 3136 acm
1122 3091 1146 3136 ei
1156 3088 1160 3154 Ι
1171 3089 1333 3137 adorarem:
1343 3101 1360 3135 a

131 3211 141 3227 ι
183 3176 250 3240 pergit
258 3173 406 3239 adqae(ric)
414 3176 562 3225 vestimenta
571 3175 625 3223 eice
634 3180 709 3238 tanpe
718 3176 750 3222 de
760 3191 790 3222 m.
797 3180 814 3222 t.
827 3174 831 3238 Ι
843 3175 971 3237 eoatinpe:
982 3186 1017 3222 en
1025 3178 1101 3236 torpe
1107 3193 1115 3228 ,·
1126 3187 1142 3221 a
1153 3174 1205 3222 add
1213 3190 1267 3221 eam
1278 3171 1282 3237 Ι
1293 3188 1310 3221 a
1317 3189 1359 3222 om

182 3261 276 3323 ὰξιοὶυ.
287 3266 311 3310 te
322 3261 351 3322 (Ι)
362 3267 387 3310 te
396 3262 474 3321 eaba.)
485 3271 595 3321 utrum
611 3263 733 3311 uraloab.
744 3278 806 3318 eam,
820 3261 948 3310 coartabit
956 3277 1010 3309 eam
1022 3258 1025 3324 Ι
1037 3261 1129 3309 secali:
1144 3273 1161 3308 Ε
1169 3258 1270 3327 madi!
1287 3261 1359 3322 Quae

182 3347 287 3409 croscum
299 3353 330 3395 ut
343 3360 415 3403 ABD3
434 3359 467 3395 cr
480 3348 518 3394 El
530 3348 598 3411 eoas.
612 3344 616 3411 Ι
631 3348 665 3394 ad
678 3349 725 3410 inf.
739 3347 860 3394 acceuit:
879 3357 912 3395 οε
924 3345 977 3394 add
992 3346 1102 3402 Salorne,
1119 3345 1168 3394 sed
1180 3359 1196 3393 u
1209 3361 1251 3394 om
1265 3347 1299 3394 ad
1312 3347 1359 3410 irs.

183 3430 285 3493 litator.
301 3448 356 3480 eam
373 3437 418 3481 tet.
430 3432 552 3497 fimbriae
565 3432 612 3492 (aa
622 3432 767 3497 fimbriat,
786 3432 850 3481 item
870 3446 888 3480 n
902 3431 949 3480 ced
967 3432 1025 3494 ipse
1045 3432 1161 3493 scriptor
1180 3433 1297 3481 correxit
1307 3432 1360 3493 ae)

179 3532 238 3579 m
248 3518 275 3580 (u
287 3517 340 3568 edd
352 3517 466 3579 moram)
478 3520 506 3565 ia
517 3519 583 3581 qaid.
596 3519 645 3582 ins.
659 3517 687 3579 (a
700 3533 756 3575 om,
775 3518 822 3566 sed
841 3517 894 3565 edd
913 3535 930 3565 a
941 3522 1033 3565 cancta
1044 3518 1136 3565 Maria
1147 3517 1240 3578 matre)
1252 3523 1311 3565 erat
1323 3519 1359 3566 ia·

181 3600 217 3648 rol.
230 3609 256 3651 ut
272 3616 359 3661 auem
381 3616 399 3650 E
417 3604 531 3651 adorare
548 3606 595 3667 irs.
614 3606 746 3667 tetipitqae
754 3603 876 3668 fimbriae
889 3620 969 3666 para.
988 3605 1015 3650 in
1033 3603 1122 3666 quibus
1138 3609 1196 3651 erat
1213 3605 1301 3659 insane
1320 3600 1324 3667 Ι
1343 3615 1359 3650 Β

182 3685 256 3736 Ιεὲειι
265 3691 347 3736 aereo
361 3685 365 3752 Ι
379 3702 416 3737 nn
429 3691 512 3752 caepit
524 3690 636 3737 cluam
647 3691 734 3737 dicere
747 3688 750 3754 Ι
766 3702 802 3737 en
815 3704 857 3738 om
870 3691 992 3737 virtutum
1005 3686 1009 3753 Ι
1024 3688 1139 3736 veterat:
1157 3700 1174 3735 n
1194 3688 1246 3737 edd
1266 3689 1292 3736 in
1304 3703 1359 3751 rpe-

182 3770 252 3830 luca!
266 3776 457 3838 ceratasuerat
468 3773 496 3835 (n
508 3780 574 3833 erat,
587 3790 605 3824 1>
618 3776 677 3837 eit):
690 3787 705 3824 c
718 3776 862 3839 omjaerat
875 3773 878 3840 Ι
893 3788 909 3823 e
922 3769 1032 3838 amital
1048 3774 1096 3821 act:
1110 3785 1145 3821 ΑΒ
1155 3789 1205 3835 per

233 3878 252 3925 6.
267 3882 382 3942 partor-ee
394 3881 489 3927 oviam.-
502 3879 580 3927 redd
591 3880 634 3943 qui
647 3883 722 3927 erant
733 3878 760 3926 ia
772 3879 836 3942 ipeie
845 3878 965 3942 partibas
974 3877 1107 3933 reamur,
1121 3877 1186 3925 item
1199 3887 1216 3922 Β
1230 3876 1274 3938 qai
1285 3880 1360 3924 erant

183 3960 203 4007 ie
215 3963 301 4024 rapiam
317 3963 366 4012 illa
384 3965 553 4014 curtadiaitec
566 3981 667 4028 preyem
679 3982 749 4013 raam
768 3962 772 4029 Ι
792 3966 819 4013 io
831 3965 910 4013 medio
923 3964 1005 4013 noctis
1017 3962 1046 4025 (B
1059 3962 1112 4011 add
1124 3961 1226 4010 alentio
1244 3967 1270 4009 et
1287 3963 1359 4009 aodi-

183 4047 281 4108 riree).·r
297 4051 322 4097 ir
339 4051 422 4098 media
441 4055 513 4100 nocte
530 4049 534 4117 Ι
553 4052 625 4099 deam
639 4052 705 4100 caeli
717 4051 744 4111 (c
758 4050 851 4115 Hclpe)
866 4051 1001 4098 laactaatee
1017 4053 1043 4097 et
1055 4049 1091 4097 be.
1109 4053 1135 4096 et
1147 4046 1174 4110 (c
1187 4047 1274 4111 atque)
1286 4048 1336 4095 dic.
1349 4073 1359 4082 ·

184 4130 233 4179 calc.
240 4135 335 4184 amiam
344 4141 376 4184 ut
385 4148 430 4193 ec,
440 4136 505 4185 item
516 4151 534 4185 n
545 4138 569 4185 d.
577 4155 597 4184 c.
609 4137 714 4186 laudate
723 4141 749 4185 ct
757 4137 894 4185 benedicite
904 4136 964 4199 qaia
974 4161 982 4170 -
992 4134 1058 4183 eale.
1068 4135 1175 4182 amatam
1181 4153 1190 4189 ,-
1200 4147 1217 4181 a
1227 4135 1281 4189 deo,
1292 4137 1317 4180 et
1327 4132 1358 4180 ab

185 4216 234 4278 iptio
242 4220 331 4268 uticae
340 4221 400 4283 qaia
412 4225 488 4269 ratae
500 4227 566 4271 erret
576 4223 640 4271 eale.
653 4221 776 4270 docuinam
781 4242 789 4277 ς
803 4235 819 4269 Β
833 4222 927 4270 Gloria
939 4222 965 4269 ir
977 4220 1084 4269 erceteie
1093 4221 1139 4269 cleo
1149 4223 1174 4268 et
1186 4220 1213 4266 in
1223 4222 1296 4267 terra
1304 4233 1360 4282 par

185 4300 296 4353 briatico
307 4305 383 4354 boreae
392 4308 539 4356 voluntatis.
562 4308 612 4368 Qui
624 4312 649 4355 et
657 4308 791 4356 diamant:
812 4307 894 4356 Nattae
906 4311 944 4355 eet
956 4307 1026 4355 nobie
1037 4307 1111 4354 bodie
1123 4305 1284 4354 calamitati
1297 4301 1302 4368 Ι
1317 4305 1359 4367 qai

185 4391 217 4434 eet
226 4387 272 4438 cir.
286 4392 373 4441 domin.
387 4393 416 4454 (o
429 4394 517 4455 dem.-
535 4409 554 4443 ι)
567 4394 620 4442 edd
634 4395 659 4442 ia
673 4395 776 4443 civitate
792 4395 876 4442 David
891 4391 894 4457 Ι
908 4392 980 4442 calae
993 4392 1043 4441 Ier.
1063 4398 1094 4441 ut
1107 4404 1177 4449 Διιες
1197 4404 1232 4439 cu
1245 4405 1315 4440 omne
1328 4389 1358 4450 (n

185 4474 230 4537 cul
239 4490 326 4540 reyneri
338 4478 388 4527 Iar.
