2962 4912
10 2782 16 2817 Ι

143 334 203 396 174
363 331 597 386 avuncunlum
614 332 762 384 'saonen
780 332 951 386 LATINUM.
978 332 1054 384 VIII.
1073 331 1121 385 lx.

142 485 284 551 iunctus
295 486 419 564 fuerat,
441 483 605 549 dicebant
620 483 785 549 adversus
796 483 929 549 Iesum:
953 482 1045 551 Vere
1056 491 1095 549 tu
1112 505 1191 550 eum
1207 485 1344 549 irruere

142 590 270 655 fecisti.
294 588 342 654 Et
357 586 619 652 insidiabantur
634 587 677 652 ei.
701 586 803 653 Iesus
821 593 936 653 autem
949 585 1166 652 descendens
1185 586 1345 652 dedomo

142 693 204 758 illa
220 693 320 758 stetit
336 712 442 774 super
463 689 634 756 infantem
651 697 825 756 mortuum
846 696 882 756 et
898 691 1059 756 clamavit
1074 689 1169 756 clara
1183 710 1269 757 voce
1286 710 1349 756 no·

142 817 220 861 men
237 795 398 861 infantis:
423 791 530 860 Sinon
548 792 667 875 Since,
685 815 787 878 surge
805 799 841 859 et
856 794 912 859 dic
929 795 959 859 si
976 815 1039 877 ego
1059 795 1193 860 irruere
1210 799 1246 859 te
1263 793 1348 858 feci.

142 898 316 964 Etsubito
329 899 480 964 surrexit
491 904 526 963 et
536 897 638 963 dixit:
662 897 754 979 Non,
772 897 922 963 domine.
948 895 1349 963 Oumvidissentautem

142 1006 305 1084 parentes
323 1002 398 1067 eius
414 1006 484 1066 tam
502 1021 664 1085 magnum
679 1001 885 1066 miraculum
902 999 996 1084 quod
1013 1000 1099 1066 fecit
1108 1001 1221 1082 Iesus,
1241 999 1351 1084 glori·

142 1104 333 1170 ficaverunt
349 1104 452 1169 deum
469 1111 504 1170 et
520 1103 753 1170 adoraverunt
768 1103 897 1169 Iesum.

261 1281 353 1331 Casan
373 1280 447 1329 VIII.
484 1278 659 1338 QUOMODO
677 1279 778 1330 lasus
799 1278 951 1330 sanavln
968 1279 1089 1330 Panum
1107 1279 1224 1331 PUERI.

229 1398 238 1430 ¹
255 1395 344 1461 Post
362 1417 495 1480 paucos
515 1416 596 1461 vero
618 1395 693 1461 dies
714 1417 802 1479 puer
823 1394 965 1479 quidam
985 1395 1022 1460 in
1042 1395 1119 1478 ipso
1138 1396 1214 1461 vico
1236 1392 1351 1458 finde-

143 1499 202 1564 bat
216 1499 314 1583 ligna
329 1501 572 1583 percussitque
589 1499 713 1582 pedem
730 1520 841 1564 suum.
884 1499 895 1532 ¹
911 1497 959 1562 Et
975 1518 1052 1562 cum
1069 1499 1225 1564 venisset
1241 1496 1352 1562 turba

142 1601 251 1667 multa
268 1602 423 1683 adeum,
444 1603 540 1668 venit
561 1607 597 1667 et
611 1601 713 1667 Iesus
733 1601 910 1667 cumillis.
941 1600 989 1666 Et
1004 1601 1124 1684 tetigit
1138 1600 1268 1684 pedem
1286 1603 1350 1686 qui

141 1704 258 1771 laesus
269 1705 395 1788 fuerat,
413 1705 574 1773 etsubito
586 1727 691 1772 sanus
708 1705 823 1772 factus
841 1711 904 1771 est.
928 1705 1029 1770 Dixit
1045 1711 1161 1771 autem
1179 1705 1347 1772 eiIasus:

142 1804 253 1891 Surge
280 1814 315 1873 et
338 1808 431 1874 finde
456 1809 553 1893 ligna
577 1814 612 1875 et
636 1828 788 1874 memora
812 1809 890 1873 mei.
943 1806 1030 1874 Oum
1054 1815 1171 1874 autem
1195 1808 1351 1874 vidisset

141 1910 244 1975 turba
266 1913 366 1995 signa
388 1933 476 1996 quae
502 1932 579 1977 aum
605 1931 645 1978 eo
671 1912 883 1993 factasunt,
909 1910 1143 1977 adoraverunt
1163 1911 1288 1978 Iasum
1314 1917 1350 1977 et

142 2011 318 2079 dixerunt:
349 2013 441 2082 Vere
461 2015 655 2080 certissime
673 2013 846 2080 credimus
864 2014 947 2098 quia
965 2015 1052 2081 deus
1070 2036 1117 2081 es.

231 2188 324 2240 Cerva
343 2190 388 2240 IX.
425 2189 601 2249 unsaltan
619 2189 720 2242 lasus
739 2189 890 2241 aarum
909 2188 1032 2248 Acuent
1054 2190 1093 2241 IN
1112 2189 1253 2242 Pramo.

225 2305 301 2370 ¹Et
326 2327 403 2370 cum
429 2311 523 2371 esset
546 2304 648 2371 Iesus
673 2326 844 2372 annorum
870 2326 946 2386 serr,
973 2305 1101 2370 direxit
1126 2326 1206 2370 eum
1233 2311 1347 2371 mater

140 2406 215 2471 eius
233 2407 276 2472 ad
292 2406 522 2473 hauriendam
541 2428 676 2490 aquam.
702 2405 858 2491 Cumque
869 2408 1135 2473 venissetIesus
1152 2409 1196 2473 ad
1208 2408 1342 2474 fontem

141 2584 200 2633 adn.
214 2583 278 2632 lec:
302 2583 365 2632 Vere
379 2588 406 2632 tu
423 2583 495 2632 illum
506 2585 686 2649 ruercsecisti.
711 2583 784 2633 Iesus
795 2587 879 2632 autem
890 2583 972 2632 dicit:
993 2584 1050 2647 Eqa
1062 2599 1189 2648 nunquam
1201 2600 1258 2633 eum
1270 2599 1343 2635 ruens

131 2670 197 2733 feci.
221 2669 278 2733 Ipsi
289 2685 348 2718 vera
362 2669 551 2720 insidiabantur
562 2671 684 2719 adesum
696 2670 787 2718 Iesum.
811 2669 951 2718 Descendit
968 2684 1028 2733 erqo
1040 2668 1113 2718 Iesus
1124 2669 1157 2718 ds
1168 2670 1242 2719 dome
1256 2668 1307 2717 itta
1318 2675 1342 2720 et

140 2755 213 2803 stetit
232 2770 308 2816 nuper
325 2755 447 2819 infantem
466 2754 538 2803 illum
561 2759 587 2804 et
605 2754 733 2804 clamabat
749 2769 809 2803 noce
827 2753 902 2802 clara
919 2770 1006 2804 nomeu
1023 2754 1132 2819 infantis
1148 2754 1250 2804 dicens.-
1274 2753 1342 2805 ΖΜ

139 2840 220 2897 bna,
238 2855 313 2903 surae
328 2843 354 2888 et
366 2840 408 2888 dic
425 2841 448 2889 si
463 2855 509 2903 eya
521 2845 545 2889 te
557 2856 632 2890 ruere
642 2841 708 2904 feci.
732 2842 771 2888 At
788 2838 833 2889 ille
846 2841 991 2903 respondit:
1015 2839 1085 2898 Nan,
1104 2840 1211 2889 domine.
1236 2840 1343 2890 Etenna

138 2927 261 2976 uidissent
268 2931 391 2990 parntes
399 2927 476 2988 pueri
488 2927 531 2990 qui
543 2927 755 2992 manuussuerat
765 2927 865 2990 quande
876 2926 1026 2976 miraculum
1039 2927 1179 2991 quodfecit
1192 2925 1275 2984 Iesus,
1285 2925 1341 2990 910·

140 3012 205 3077 siric.
218 3012 257 3061 de.
270 3017 295 3061 et
307 3013 380 3062 ador.
396 3011 445 3060 les.

209 3096 283 3146 v111.
303 3096 376 3147 Ilaec
390 3098 481 3161 paullo
494 3097 604 3161 propius
619 3097 753 3147 accedunt
769 3097 803 3148 ad
821 3112 915 3163 evang.
928 3096 1020 3147 mom.
1033 3096 1077 3144 Or.
1089 3098 1112 3146 Α
1124 3095 1155 3144 Χ.
1174 3112 1254 3160 quem
1272 3097 1307 3147 ad
1319 3100 1343 3148 B

139 3183 185 3232 IX.
212 3182 244 3232 In
257 3183 316 3233 Per.
330 3183 388 3232 cod.
401 3180 548 3248 respondet
561 3192 643 3246 caput
654 3182 772 3233 XXXIV.
786 3183 837 3232 hoc
850 3183 947 3233 titulo:
970 3181 1043 3245 Quod
1055 3182 1128 3232 Issus
1139 3184 1243 3232 sanant
1252 3184 1344 3245 peden

131 3270 258 3334 findentis
269 3269 349 3333 liqna.
373 3267 485 3334 Legitur
497 3272 586 3319 eutem
599 3269 657 3333 ipse
670 3268 785 3319 historia
796 3268 834 3318 ibi
848 3269 919 3318 hunc
932 3269 960 3317 in
973 3268 1094 3318 modum:

207 3355 271 3403 Post
278 3370 377 3417 paucos
388 3355 479 3404 iterum
488 3354 543 3403 dies
556 3379 564 3390 ·
570 3354 689 3420 findebat
701 3353 839 3416 (amineum
850 3359 892 3404 eet
903 3353 985 3418 liyna)
997 3358 1022 3403 et
1030 3356 1159 3417 percussit
1166 3355 1260 3417 pedm
1271 3370 1344 3405 nunu

130 3441 250 3504 fortiter.
278 3440 317 3490 Et
329 3457 384 3490 cuns
395 3442 502 3490 venisset
514 3438 590 3488 turba
602 3440 682 3490 multu
694 3441 729 3490 ad
740 3440 872 3492 videndum
884 3456 947 3498 eum,
959 3441 1027 3490 venit
1038 3443 1064 3489 et
1075 3440 1148 3490 Iesus
1159 3456 1214 3489 wne
1226 3441 1302 3503 ipsis,
1318 3447 1344 3491 st

139 3542 193 3574 cum
210 3526 336 3589 tetigisset
348 3527 438 3589 pedem
456 3528 536 3590 rusius
550 3528 593 3591 qui
609 3526 676 3577 buis
685 3528 795 3592 suerat,
811 3527 893 3577 subita
905 3543 984 3577 sanus
992 3528 1086 3592 sactus
1103 3531 1148 3577 est·
1173 3528 1302 3593 Dixitque
1318 3530 1345 3578 ei

139 3611 211 3661 Iesus
227 3638 235 3648 -
254 3616 280 3661 et
291 3628 430 3663 numerare
441 3612 504 3676 (sic)
516 3615 572 3663 mei.
599 3613 658 3663 Oum
674 3639 682 3650 ·
701 3614 775 3678 signa
787 3629 852 3677 quae
860 3615 932 3679 secit
942 3614 1016 3672 deus,
1033 3613 1208 3663 adorauerunt
1223 3614 1300 3663 denen
1317 3618 1344 3665 et

138 3696 272 3747 dicerunt:
295 3697 360 3748 Vere
369 3699 523 3749 certissimus
531 3699 592 3749 deus
604 3703 649 3749 cst.
669 3698 788 3750 Similem
799 3700 939 3751 hbetariem
949 3715 981 3750 cx
991 3697 1050 3748 cod.
1060 3711 1078 3747 a
1091 3699 1228 3748 hausimus
1241 3705 1275 3750 ut
1287 3701 1340 3751 inm

138 3783 172 3832 ed
184 3783 227 3834 Pe.
240 3785 340 3835 Matth.
354 3783 467 3833 XXXIII
481 3785 629 3836 iudicatum
642 3789 693 3836 eut.
721 3784 759 3835 Es
772 3785 815 3835 hie
828 3787 982 3850 eonecrIpts
994 3785 1084 3835 verbis
1097 3791 1153 3835 cet:
1177 3785 1239 3834 Oeen
1257 3790 1343 3836 adens

138 3869 211 3920 Iesus
223 3875 287 3919 esset
299 3887 422 3920 annorum
434 3870 574 3930 duedecim,
583 3887 649 3935 puer
660 3871 763 3936 quidam
781 3872 807 3920 in
824 3872 893 3929 nica,
911 3871 953 3921 ubi
968 3871 1101 3921 habitabat
1118 3887 1173 3920 eum
1187 3872 1344 3934 parentibus

138 3957 199 4014 suis,
211 3956 342 4006 scindebat
354 3956 435 4021 tiana,
447 3962 472 4006 et
481 3957 539 4006 dum
551 3957 678 4007 scinderet
689 3974 728 4015 ea,
741 3973 824 4007 oenus
832 3957 928 4021 digitos
936 3958 1010 4019 pedis
1021 3959 1061 4006 sui
1072 3957 1158 4007 &stri
1166 3959 1341 4010 detruncavit.

138 4043 177 4090 Et
194 4057 248 4091 curn
265 4043 341 4092 turba
352 4044 491 4093 uicinorum
503 4044 657 4094 cucurrisset
671 4044 706 4094 ad
717 4060 785 4102 euru,
804 4044 969 4103 ventilem,
987 4045 1061 4094 unxit
1077 4045 1103 4092 in
1116 4045 1184 4106 pede
1195 4045 1271 4094 itlius
1284 4042 1341 4111 [et]

138 4128 220 4177 subita
232 4129 276 4191 qui
288 4127 471 4192 laesusfuerat
482 4131 657 4195 sanussaetus
668 4134 713 4189 est,
727 4130 793 4192 qued
805 4145 850 4179 nce
861 4131 959 4194 signum
971 4130 1077 4193 aliquod
1088 4130 1115 4178 in
1122 4129 1191 4192 pede
1202 4133 1341 4194 appanis·

138 4217 183 4263 set.
212 4213 251 4262 Et
267 4214 336 4263 dicit
353 4213 396 4262 illi
411 4215 496 4265 Iesus:
521 4215 603 4280 Surge
619 4220 645 4266 et
659 4216 746 4266 sande
764 4215 848 4279 dignm
866 4232 1005 4267 munerare
1018 4216 1081 4281 (eie)
1092 4217 1149 4266 mci.
1177 4215 1239 4266 aun
1256 4221 1342 4267 antone

138 4298 243 4350 udisset
254 4300 330 4349 turba
341 4301 439 4365 dynam
451 4302 639 4367 quodsecerat,
659 4304 832 4353 maneant
843 4318 896 4353 erun
908 4304 1033 4354 dicentes:
1061 4303 1128 4354 Vera
1140 4304 1268 4354 credisne
1278 4305 1342 4368 qnia

137 4388 179 4436 bic
190 4391 229 4436 est
242 4385 365 4440 curatas.

207 4470 252 4523 IX.
272 4470 312 4522 Of.
330 4487 424 4541 evang·
443 4475 537 4526 Thon.
554 4474 600 4527 Gr.
619 4473 698 4525 AXI·
717 4479 747 4527 et
764 4475 830 4526 ΒΧ.
859 4476 929 4530 Item
946 4477 989 4529 Pe.
1006 4478 1106 4530 Menan.
1124 4495 1182 4546 esp.
1194 4476 1277 4528 XXX.
1307 4476 1340 4528 In
