2962 4912
581 332 853 385 PROLHGOHHNA.
1227 353 1317 398 xxlx

105 482 150 548 de
180 484 326 550 infantia
348 485 531 553 Salvatoris
556 484 782 550 instituendus
805 492 863 551 est
909 485 1006 572 Quod
1031 509 1131 571 quam
1153 488 1239 554 male
1262 490 1318 555 ha·

103 578 205 676 beat,
235 598 303 661 iarn
335 595 415 660 olim
447 596 550 661 sensit
579 596 608 661 is
640 597 697 679 qui
729 596 870 662 alterum
899 598 1088 664 litterarum
1119 599 1317 684 Hieronymi

104 707 207 772 finxit
235 708 422 791 exemplum
433 708 474 790 ¹),
506 708 541 772 in
565 728 631 790 quo
660 706 731 773 sola
753 709 911 773 nativitas
933 709 1066 775 Mariae
1088 732 1127 776 eo
1149 711 1317 777 Matthaei

105 819 282 903 evangelio
308 820 396 884 tradi
424 818 476 884 bis
499 818 635 899 dicitur,
666 819 758 884 nulla
783 841 920 902 prorsus
947 821 1106 887 infantiae
1130 821 1315 888 Salvatoris

105 932 279 996 mentions
303 931 436 995 iniecta.
480 929 709 1013 Reperiuntur
732 936 843 996 autem
865 933 1064 1014 posteriores
1087 935 1170 999 istae
1193 934 1315 999 Hiero·

105 1043 200 1124 nymi
222 1040 356 1106 litterae
379 1042 482 1106 multo
505 1042 615 1106 rarius
637 1041 672 1106 in
696 1040 864 1106 codicibus
888 1045 1148 1127 quampriores,
1170 1045 1212 1110 ad
1234 1066 1314 1128 qua-

105 1174 184 1217 rum
208 1151 473 1222 emendationem
495 1152 650 1218 inventae
673 1159 760 1217 sunt:
789 1154 870 1218 mihi
892 1153 1025 1236 quidem
1048 1177 1089 1220 ex
1111 1153 1314 1222 editionibus

104 1269 241 1328 tautum
269 1284 407 1346 operum
432 1263 634 1347 Hieronymi
661 1264 893 1346 innotuerunt,
924 1265 1011 1330 unde
1039 1267 1072 1330 in
1101 1266 1313 1332 collectiones

104 1374 373 1458 apocryphorum
409 1376 625 1440 transierunt.
679 1375 835 1442 (istorum
866 1375 1057 1442 emendator
1087 1378 1144 1443 ille
1179 1378 1312 1443 incaute

103 1485 171 1551 hoc
192 1487 274 1551 fecit
292 1485 382 1568 quod
404 1487 634 1569 episcoporum
656 1487 785 1552 litteras
806 1488 950 1553 intactas
972 1489 1118 1571 reliquit,
1139 1489 1312 1572 inquibus

103 1599 235 1680 pariter
266 1601 368 1680 atque
398 1597 434 1662 in
464 1597 663 1681 Hieronymi
694 1619 851 1681 responso
884 1598 924 1664 de
956 1599 1100 1664 infantis
1124 1599 1309 1667 salvatoris

106 1729 218 1774 sermo
241 1714 300 1774 est

193 1827 324 1912 Quibus
352 1850 393 1893 ox
421 1829 573 1894 omnibus
601 1830 727 1894 clarum
755 1830 805 1913 fit,
835 1828 993 1912 epistolas
1020 1831 1250 1914 episcoporum
1278 1837 1312 1896 et

103 1939 305 2023 Hieronymi
328 1961 394 2004 non
415 1961 515 2022 posse
537 1940 579 2005 ab
602 1942 674 2023 ipso
697 1942 871 2007 inventore
889 1943 1059 2025 evangelio
1075 1942 1115 2007 de
1133 1943 1312 2008 nativitate

103 2050 237 2116 Mariae
273 2052 439 2135 praefixas
471 2072 560 2132 esse,
597 2073 719 2135 neque¹
736 2055 840 2136 magis
872 2075 947 2118 eum
983 2053 1133 2119 libellum
1163 2053 1311 2119 Pseudo·

101 2161 274 2227 Matthaei
297 2163 428 2228 nomine
446 2163 570 2247 quippe
594 2184 634 2228 ex
656 2162 773 2229 iisdem
796 2165 945 2247 epistolis
969 2164 1119 2230 desumto
1142 2186 1238 2247 posse
1260 2166 1310 2229 in·

102 2273 232 2356 signiri.
277 2274 320 2338 In
348 2275 454 2338 altero
483 2295 562 2339 vero
588 2274 675 2339 libro
699 2275 756 2357 qui
780 2282 813 2340 et
835 2282 886 2340 cst
908 2281 942 2340 et
963 2276 1157 2341 inscribitur
1179 2278 1214 2339 de
1241 2288 1310 2340 ortu
1341 2291 1343 2296 ’

101 2386 230 2449 Mariae
251 2397 281 2449 et
300 2389 434 2470 infantia
456 2386 636 2467 salvatores,
659 2386 745 2450 nihil
768 2388 970 2452 contrarium
992 2387 1135 2452 habetur
1157 2387 1308 2470 epistolis

100 2497 185 2577 illis,
215 2518 299 2580 quas
322 2503 356 2562 et
377 2498 462 2580 ipse,
477 2503 529 2562 ut
550 2497 704 2578 vidimus,
731 2499 766 2562 in
788 2499 934 2582 antiquis
961 2499 1054 2564 codd.
1077 2499 1190 2564 multis
1212 2520 1305 2581 prae·

99 2608 232 2690 positas
260 2607 375 2672 habet:
403 2613 606 2692 quapropter
634 2609 711 2674 huic
733 2610 852 2674 titulus
875 2610 1036 2692 evangelii
1058 2609 1306 2675 Pseudo-Mat

99 2718 192 2784 tiraei
216 2740 257 2784 ex
278 2719 412 2785 illarum
434 2720 653 2802 epistolarum
676 2721 876 2786 auctoritate
899 2719 1123 2786 restituendus
1147 2727 1227 2786 erat.
1290 2785 1299 2803 ‚

189 2835 266 2903 Iam
292 2859 370 2903 vero
398 2838 474 2903 sede
503 2839 621 2904 harum
650 2840 863 2923 epistolarum
894 2841 966 2905 iure
997 2845 1126 2905 mutata
1155 2846 1305 2906 mutatur

98 2950 205 3013 etiam
226 2949 386 3013 iudicium
409 2949 449 3013 de
472 2949 648 3032 utriusque
670 2950 746 3015 libri
769 2957 892 3031 aetate,
918 2951 1074 3031 consilio,
1097 2953 1304 3033 auctoritate,

99 3060 195 3143 quod
215 3060 251 3125 in
274 3060 506 3125 dissertatione
529 3066 647 3126 nostra
674 3063 710 3125 de
735 3064 955 3148 evanqeliorum
978 3065 1222 3148 apocryphorum
1243 3067 1303 3126 ori·

62 3195 65 3199 ·
93 3176 172 3257 qim
201 3184 231 3236 et
258 3195 314 3235 usu
351 3174 389 3257 §t
414 3176 463 3237 11.
495 3177 528 3237 et
561 3175 610 3237 12.
641 3173 787 3238 fecimus.
836 3173 892 3238 Ad
924 3172 1013 3257 quod
1044 3174 1132 3238 enim
1162 3175 1304 3239 maxime

97 3283 352 3366 compilatorem
390 3284 598 3367 evangelium
632 3285 671 3349 de
707 3285 882 3349 nativitate
913 3285 1042 3350 Mariae
1080 3287 1304 3367 composuisse

97 3394 149 3460 ibi
179 3393 333 3474 diximus,
366 3401 405 3459 ut
433 3400 551 3460 contra
578 3395 777 3478 haereticos,
804 3397 1001 3461 nominatim
1028 3395 1242 3461 Manichaeos
1270 3402 1304 3461 et

98 3504 342 3587 montanistas,
370 3513 557 3572 commento
586 3506 626 3571 de
648 3505 800 3573 Levitico
829 3528 948 3591 genere
971 3505 1102 3571 Mariae
1130 3506 1225 3572 unice
1250 3506 1304 3571 de·

97 3618 242 3683 laetatos
271 3616 467 3682 Dauidicam
498 3616 630 3683 Mariae
661 3619 799 3701 virginis
830 3619 1023 3701 progeniem
1055 3617 1233 3695 evinceret,
1268 3616 1303 3680 id

98 3729 235 3811 utrique
258 3728 428 3811 evangelio
452 3749 624 3793 commune
647 3735 704 3794 est.
748 3729 855 3794 Porro
879 3730 913 3793 in
932 3727 1200 3794 commendandis
1214 3728 1302 3793 vitae

97 3839 303 3904 monasticae
331 3840 517 3924 praeceptis
545 3862 645 3923 grave
674 3840 756 3904 illud
779 3840 931 3905 duximus
954 3840 1043 3924 quod
1066 3846 1183 3904 auctor
1205 3861 1302 3906 evan·

96 3951 177 4034 gelii
209 3950 249 4015 de
280 3951 456 4016 nativitate
487 3950 617 4016 Mariae
649 3951 735 4034 VII,
765 3956 795 4016 4.
832 3953 1029 4033 scripturam
1060 3950 1302 4033 proterangelii

95 4083 168 4144 cap.
181 4060 284 4128 VIII.
306 4061 394 4124 τούσ
415 4061 631 4146 χκρεΰομτασ
652 4060 715 4125 τοῦ
737 4059 826 4124 λαοῦ
848 4060 992 4126 reddidit
1014 4063 1150 4144 „nuptui
1173 4060 1300 4126 habiles

93 4194 162 4238 non
185 4174 419 4256 coniugat0s“,
446 4194 586 4256 quorum
608 4173 680 4238 loco
703 4172 1043 4238 Pseudo-Matthaeus
1065 4179 1180 4237 noster
1201 4170 1300 4237 habet

179 4399 201 4465 1)
220 4401 254 4451 In
274 4402 469 4451 commentario
488 4401 677 4465 adscripsimus
695 4417 755 4466 psg.
768 4402 812 4452 52.
