2962 4912
354 301 685 354 esuum-maurum
703 304 943 355 EVAXGBLIUM.
971 304 1044 357 CAP.
1062 307 1108 357 IV.
1291 307 1329 370 61

137 446 265 515 dicens:
297 449 412 518 Vidua
438 473 545 531 eram,
570 459 605 518 et
625 474 705 518 ecce
727 454 794 518 iam
812 478 881 521 non
898 472 987 535 sum3
1009 455 1141 522 sterilis
1164 477 1273 537 eram,
1297 464 1332 523 et

141 570 215 616 ecee
239 553 306 618 iam
332 556 488 638 concepi.
525 556 572 619 Et
597 556 727 621 factum
753 564 806 622 est
831 558 994 642 gaudium
1020 580 1182 642 magnum
1207 559 1331 624 vicinis

145 654 292 720 omnibus
310 662 345 720 et
362 659 454 722 notis
472 660 558 740 eiua,
576 659 626 724 ita
639 667 678 724 ut
692 661 854 726 uniuersa
869 668 963 726 terra
973 661 1085 726 Israel
1102 661 1144 726 <le
1161 661 1332 727 istaiama

148 757 376 843 gratularetur.

627 931 747 998 Curua
771 932 833 1000 IV.

220 1083 304 1149 Post
319 1083 405 1148 haee
421 1092 536 1149 auutem
558 1086 705 1169 expletis
728 1087 905 1153 mensibus
930 1108 1050 1152 nouem
1070 1088 1209 1171 peperit
1224 1085 1331 1153 Anna

157 1188 249 1266 liliam,
266 1193 301 1250 et
316 1188 448 1251 vocavit
465 1208 590 1253 nomen
608 1190 683 1254 eins
694 1189 853 1255 Mariam.
879 1187 966 1255 Onm
983 1195 1097 1254 antem
1114 1192 1219 1255 tertio
1237 1211 1328 1255 anno

158 1291 362 1378 perlactasset
384 1310 474 1369 eam,
497 1291 661 1356 abierunt
677 1293 779 1356 simul
796 1292 953 1357 Ioaohim
974 1299 1009 1356 et
1024 1291 1130 1357 Anna
1150 1314 1237 1357 uxor
1254 1293 1328 1357 eius

159 1395 190 1463 ad
202 1391 358 1473 templum
375 1391 521 1474 domini,
545 1400 580 1458 et
597 1394 782 1459 offerentes
799 1395 932 1460 hostias
950 1394 1089 1460 domino
1107 1395 1330 1461 tradiderunt

159 1494 339 1564 infantulam
357 1517 453 1560 suam
463 1495 611 1561 Mariam
628 1498 664 1561 in
682 1497 950 1562 contubernium
965 1497 1147 1580 virginum,
1166 1519 1254 1580 quae
1271 1497 1327 1562 die

160 1606 306 1681 noctuque
323 1599 359 1662 in
371 1598 428 1664 dei
438 1599 602 1664 laudibus
613 1600 874 1682 permanebant.
901 1598 997 1683 Quae
1010 1621 1087 1664 cum
1103 1600 1219 1682 posita
1236 1607 1330 1665 esset

160 1709 218 1770 ante
232 1700 394 1783 templum
411 1701 558 1783 domini,
582 1702 781 1785 quindecim
803 1702 930 1786 gradus
953 1705 1004 1768 ita
1020 1703 1146 1768 cursim
1170 1703 1330 1768 ascendit

160 1804 324 1888 ntpenitus
342 1824 411 1868 non
433 1806 608 1887 aspiceret
624 1813 824 1886 retrorsum,
846 1825 971 1888 neque,
995 1812 1033 1870 ut
1051 1805 1192 1871 solitum
1210 1812 1264 1870 est
1279 1807 1329 1870 in·

160 1909 272 1987 tantiae,
288 1908 670 1990 parentesrequireret.
694 1906 736 1971 In
748 1929 816 1991 qno
833 1907 926 1972 faoto
945 1929 1063 1973 omnes
1082 1915 1223 1990 stupore
1241 1915 1329 1973 atto·

160 2010 433 2090 atterebantur,
450 2010 501 2074 ita
517 2016 555 2074 ut
572 2016 607 2074 et
621 2010 691 2093 ipsi
706 2009 890 2093 pontifices
907 2010 1029 2093 templi
1046 2012 1266 2075 mirarentur.

160 2222 221 2272 mlo
234 2226 256 2269 et
269 2221 373 2283 pretias
388 2221 484 2283 spendo
501 2221 600 2269 domino
618 2221 686 2269 dixit
705 2218 709 2284 Ι
732 2218 816 2268 Vicina
833 2245 841 2256 ·
859 2219 957 2269 sterilae
969 2235 1039 2268 eram
1053 2220 1100 2282 (cn
1114 2221 1167 2282 om)
1185 2246 1194 2257 ·
1211 2221 1261 2269 iam
1279 2220 1326 2281 (cn

160 2308 293 2370 on)roneepi
302 2305 329 2367 (c
339 2304 490 2369 concipiam)
501 2321 523 2354 e.
533 2317 620 2364 Aenea
632 2319 649 2354 n
660 2312 722 2370 post
734 2305 817 2354 l'iilaa
830 2321 899 2354 eram
908 2306 998 2370 porgit
1007 2309 1033 2354 et
1038 2322 1088 2370 per
1096 2305 1326 2369 dispertiantur.

161 2393 292 2459 il'tsaatnm
304 2395 342 2439 est
354 2408 377 2440 c.
391 2404 458 2450 cnm
473 2403 508 2439 AB
519 2392 611 2456 Itaque
623 2393 732 2441 adorato
743 2393 843 2441 domino
855 2393 953 2441 domam
964 2397 1023 2442 sant
1034 2393 1149 2456 inpressi.
1168 2390 1226 2441 Hoc
1238 2391 1326 2439 andito

155 2480 204 2544 sart.
213 2481 245 2525 est
256 2473 260 2537 l
273 2477 362 2525 orarii.
376 2477 403 2535 (c
417 2493 471 2524 earn
483 2477 583 2540 sinnii)
596 2479 664 2526 notis
675 2482 700 2526 et
712 2478 785 2542 asstn.
799 2477 829 2540 (n
841 2477 942 2540 sic-inis)
954 2494 1039 2528 eorum
1052 2494 1110 2528 oum
1124 2489 1193 2535 cnm
1206 2488 1224 2523 A
1237 2477 1327 2524 ricinis

159 2562 221 2639 enfil.
239 2568 262 2610 et
284 2563 350 2611 statis
367 2563 420 2610 eins
439 2560 443 2625 i
463 2564 500 2611 ita
516 2567 545 2611 at
561 2588 570 2599 ·
588 2567 660 2610 terra
678 2563 764 2613 Israel
782 2562 811 2625 (n
827 2568 853 2612 et
869 2563 962 2624 aflines
978 2579 1025 2626 pro
1039 2561 1102 2625 Isr.)
1119 2589 1128 2599 ·
1144 2561 1326 2625 gratularetur

158 2648 177 2707 le
188 2630 282 2703 rentur}
300 2661 319 2696 n
330 2647 490 2711 ploriaretar
506 2648 546 2696 uel
560 2647 752 2711 protolaretur)
766 2660 825 2697 cum
838 2661 925 2706 Acn133
943 2660 960 2695 n
978 2649 1016 2697 ita
1029 2649 1094 2711 qnod
1106 2649 1137 2697 ile
1149 2649 1195 2697 troc
1204 2646 1322 2711 pratale-

158 2733 224 2782 lantnr
233 2734 347 2781 universa
359 2737 431 2781 terra

206 2818 244 2868 lV.
276 2819 340 2867 Post
359 2844 367 2853 ·
386 2820 494 2882 expletis
515 2818 544 2879 (n
565 2817 704 2882 eompletis)
721 2835 753 2868 m.
772 2834 857 2869 nonem
875 2816 905 2881 (B
923 2818 991 2866 IIII
1003 2816 1090 2880 mens.)
1106 2818 1208 2882 peperit
1225 2816 1252 2877 (a
1271 2816 1323 2866 add

158 2904 182 2966 n)
194 2930 200 2940 ·
213 2920 258 2953 soe.
280 2920 366 2953 namen
391 2905 445 2952 eias
467 2903 514 2965 (an
538 2919 589 2951 roe.
607 2904 672 2967 earn)
689 2906 776 2953 Mara
800 2918 816 2954 c
829 2906 892 2954 Post
910 2929 919 2939 ·
938 2904 1052 2967 concepit
1070 2905 1147 2952 Anna
1169 2903 1325 2967 expletisque

156 3005 210 3037 nean
219 3005 267 3038 nos.
277 3006 336 3053 pap.
346 2988 435 3055 filiam
448 2995 491 3038 etc
511 2988 515 3053 l
537 2988 596 3036 Oura
610 2994 693 3038 autem
705 2990 733 3052 (u
746 2991 817 3053 erpo)
831 2996 888 3040 eta:
905 3004 923 3038 A
940 2988 1021 3051 Quam
1033 3005 1088 3037 eam
1104 3014 1113 3025 ·
1130 3004 1185 3037 earn
1196 2987 1322 3036 ablactas-

157 3079 184 3123 αἱ
194 3078 228 3123 ste
239 3072 243 3138 Ι
255 3079 280 3122 et
291 3075 425 3141 offerentes
439 3100 447 3110 ·
462 3073 617 3139 infantulam
631 3090 703 3123 saarn
715 3074 942 3140 (nsarnnlamdei)
957 3099 965 3110 -
979 3076 1005 3123 in
1021 3073 1208 3124 contuberniam
1220 3072 1247 3135 (c
1261 3072 1324 3134 anio)

157 3160 253 3222 &proin
264 3175 322 3209 cnm
335 3171 404 3217 cnm
419 3175 450 3208 A:
464 3161 560 3209 laetias
571 3160 618 3209 deo
630 3160 751 3218 oblatrari,
764 3163 896 3211 tradentes
907 3162 953 3224 ins.
966 3161 1063 3209 nomine
1073 3160 1143 3209 Mar.
1156 3161 1183 3207 in
1195 3158 1323 3208 contuler-

156 3246 246 3308 siaoirp.
265 3243 269 3309 Ι
288 3261 351 3308 qaae
371 3271 380 3281 ·
395 3246 579 3309 perarassebaat
596 3245 622 3307 (c
635 3246 769 3296 enarrabant
774 3266 783 3303 ,-
801 3260 817 3294 u
826 3246 1036 3310 perseverabant)
1050 3261 1109 3295 cum
1122 3257 1189 3304 cmm
1206 3257 1224 3292 A
1237 3245 1263 3292 in
1276 3260 1323 3308 quo

156 3330 186 3378 aa
197 3335 218 3379 et
231 3335 296 3380 noete
307 3331 420 3394 rirqines
436 3357 444 3366 ·
461 3332 604 3395 permanet.
623 3328 627 3395 Ι
647 3337 706 3380 ante
719 3330 803 3396 templ.
817 3332 911 3381 domini
923 3338 954 3380 ut
966 3343 1017 3390 οὓς
1035 3332 1100 3380 itam
1119 3331 1217 3379 omisso
1229 3330 1324 3379 domini

156 3428 178 3472 ις
193 3428 220 3464 An
230 3417 368 3481 anteferas
380 3416 468 3480 templi
486 3415 489 3479 Ι
510 3417 649 3480 quindecim
658 3418 734 3481 prad.
749 3417 776 3478 (u
789 3416 842 3467 add
855 3418 953 3482 templi)
967 3442 976 3453 ·
989 3433 1037 3466 non
1049 3432 1104 3478 asp.
1114 3419 1220 3464 retrors.
1234 3422 1261 3476 (a
1273 3432 1321 3463 nora

155 3503 273 3565 emineret)
283 3518 361 3565 neque
373 3501 400 3563 (c
413 3504 449 3564 et)
466 3507 494 3551 at
505 3502 607 3552 solitam
625 3507 663 3551 est
679 3502 709 3564 (n
722 3503 797 3565 salet)
810 3503 936 3568 infantiae
948 3500 996 3564 (cn
1009 3501 1062 3562 om)
1071 3517 1132 3564 par.
1146 3499 1176 3561 (n
1188 3499 1241 3549 add
1253 3500 1322 3562 suas)

155 3588 268 3650 maeret
283 3587 310 3649 (c
323 3588 463 3652 requirere)
477 3604 535 3637 cum
548 3601 617 3648 cnu3
635 3602 653 3637 A
671 3589 710 3637 ita
722 3588 802 3637 oeloei
814 3604 889 3637 eursu
908 3588 1040 3636 adsandit
1052 3587 1137 3650 quirit.
1147 3586 1224 3649 prad.
1243 3591 1271 3634 ut
1279 3603 1321 3650 pe.

155 3676 236 3722 retrars.
247 3688 291 3721 non
304 3675 451 3736 reapireret.
477 3673 568 3739 Longe
581 3675 662 3724 aliter
675 3678 738 3739 post
750 3676 894 3738 antesoras
905 3673 993 3737 templi
1005 3684 1036 3719 n:
1056 3676 1115 3720 ante
1126 3672 1180 3720 eias
1191 3672 1322 3719 introitum

154 3756 205 3806 eea
213 3757 261 3805 XV
269 3760 365 3821 prades
379 3759 536 3822 psalmorum
551 3775 600 3823 per
611 3759 670 3808 XV
682 3761 835 3809 macarianis
849 3761 954 3823 prodas.
979 3760 1046 3808 Nam
1064 3756 1181 3821 ternplum
1197 3758 1223 3804 in
1240 3763 1322 3806 monte

155 3846 204 3899 erat,
218 3847 239 3890 et
248 3843 279 3890 ili
287 3849 344 3892 erat
356 3844 443 3892 altare
456 3848 625 3894 eonstraoturn
636 3845 786 3902 holocausti,
803 3846 948 3909 qaodforie
958 3861 1029 3894 secus
1041 3841 1232 3906 (forinsarunl)
1251 3843 1322 3891 adiri

155 3927 193 3974 nisi
199 3928 306 3989 pratibus
318 3946 366 3979 non
379 3930 488 3978 valebat.
513 3915 620 3994 Cnlrrqae
631 3932 682 3994 ipsi
692 3931 839 3979 vestimenta
851 3947 915 3995 qaae
926 3932 953 3979 in
966 3931 1056 3979 itinere
1068 3929 1192 3978 habebant
1203 3933 1322 3977 eruerent

154 4015 205 4060 etna
213 4029 270 4062 nore
280 4016 453 4064 mundioribus
464 4032 489 4064 se
501 4016 654 4065 vestimentis
664 4017 806 4074 induerent,
818 4018 890 4080 sirpo
902 4016 1003 4064 domina
1012 4015 1104 4064 Maria
1115 4013 1250 4077 sipillatim
1259 4030 1320 4078 qra-

154 4096 190 4146 tns
201 4098 244 4146 sine
254 4100 364 4150 incentis
375 4117 450 4150 mana
467 4118 498 4149 aa
510 4102 633 4151 elevantis
644 4103 784 4151 mandit.
806 4098 809 4164 Ι
828 4102 860 4149 Ια
871 4118 918 4164 qao
931 4126 940 4137 ·
957 4106 1061 4164 stupore
1073 4105 1121 4151 att.
1134 4100 1212 4149 tenel.
1230 4098 1257 4161 (n
1269 4104 1320 4148 sta·

152 4197 191 4244 por
202 4185 296 4247 lenelat)
316 4212 324 4222 ·
341 4190 366 4235 et
383 4188 435 4250 ipsi
452 4187 529 4248 (heac
548 4203 589 4237 om
603 4186 649 4250 cn)
663 4191 720 4237 enez
739 4200 756 4235 n
774 4187 845 4237 Unde
859 4190 982 4251 parentes
994 4187 1099 4249 pariter
1116 4189 1278 4250 stupuerunt,
1296 4189 1322 4232 et

153 4267 215 4329 ipsine
224 4272 301 4336 ternpli
309 4273 405 4339 pontis.
425 4273 547 4322 adrnaati
564 4277 622 4321 sant
640 4273 799 4322 vehementer.
824 4285 842 4321 A
854 4287 918 4322 vero
935 4271 1007 4321 Unde
1014 4275 1138 4335 parentes
1149 4272 1202 4319 eise
1213 4269 1321 4320 solliciti

153 4354 234 4417 sterque
244 4358 360 4421 infantem
371 4360 536 4422 requirentes,
545 4359 649 4422 pariter
660 4359 731 4408 ambo
742 4362 907 4423 stupuerunt,
926 4372 1051 4423 quousque
1063 4372 1118 4405 eam
1135 4356 1282 4404 inuenerant
1294 4357 1320 4402 in

152 4438 225 4501 impla
234 4442 267 4490 ita
276 4448 304 4492 nt
314 4447 340 4492 et
351 4444 399 4506 ips.
413 4443 497 4507 templ.
508 4449 579 4507 pont.
590 4445 648 4493 mir.
