3000 4912
292 322 525 374 nvsuouuwm
542 323 734 375 INFANTIAE
752 319 943 373 astercum.
973 320 1162 371 XLV.XLV1.
1263 319 1327 384 205

126 473 257 556 ipsum,
280 473 340 556 qui
356 474 538 539 veritatem
559 474 595 538 in
612 473 724 538 lucem
740 472 921 557 producat.
952 470 1051 536 Tunc
1069 471 1252 537 descendit
1268 471 1326 537 do·

127 580 241 644 minus
258 577 373 659 Iesus,
396 582 431 642 et
453 598 558 661 super
575 583 749 643 mortuum
768 582 865 642 stans
880 597 962 642 voce
980 596 1118 658 magna,
1140 575 1254 655 Zeno,
1276 575 1327 639 in·

125 682 220 765 quit,
242 679 354 761 Zeno,
378 681 456 763 quis
472 687 507 746 te
524 680 567 746 de
583 685 678 745 tecto
694 677 961 763 praecipitavit?
990 676 1089 742 Tune
1110 677 1326 759 respondens

124 789 297 865 mortuus,
317 783 479 865 Domine,
501 785 561 866 ait,
584 806 653 850 non
670 790 708 849 tu
728 805 781 848 me
799 781 971 863 deiecisti,
995 780 1056 846 sed
1073 778 1091 842 ὃ
1107 782 1199 864 δεῖμα
1215 800 1267 845 me
1286 800 1328 845 ex

128 889 189 954 illo
207 888 415 953 deturbavit.
450 887 498 953 Et
514 909 591 954 cum
607 889 847 971 praecepisset
862 886 1023 952 dominus
1044 883 1266 951 adstantibus
1287 888 1327 948 ut

128 991 172 1056 ad
188 992 293 1057 verba
314 993 389 1058 eius
410 993 647 1073 attenderent,
670 994 866 1076 omnesqui
889 992 1035 1056 aderant
1052 990 1153 1057 deum
1176 1011 1237 1073 pro
1261 990 1327 1055 hoc

128 1095 296 1160 miraculo
314 1095 512 1160 laudarunt.

601 1283 722 1350 Garun
744 1284 856 1352 XLV.

214 1473 373 1539 Iusserat
396 1471 586 1555 aliquando
612 1473 697 1538 here
718 1472 858 1538 domina
878 1471 993 1536 Maria
1013 1470 1189 1542 doerninum
1211 1470 1329 1535 Iesum

128 1577 226 1642 abire
244 1582 280 1641 et
294 1593 420 1658 aquam
435 1575 504 1658 ipsi
521 1596 561 1640 ex
571 1580 677 1658 puteo
694 1575 829 1641 afferre.
855 1573 942 1640 (lum
953 1575 1193 1657 ergopetitum
1205 1593 1329 1656 aquam

130 1679 290 1761 abiisset,
313 1678 436 1763 hydria
452 1680 520 1744 iam
538 1679 710 1762 completa
726 1679 828 1744 allisa
845 1685 879 1744 et
895 1679 1006 1744 fracta
1022 1684 1085 1743 est.
1116 1675 1329 1761 Expandens

128 1803 208 1847 vero
226 1782 386 1848 dominus
403 1781 504 1846 Iesus
527 1780 706 1848 sudarium
728 1802 829 1846 suum
846 1781 1028 1847 collectam
1050 1801 1175 1865 aquam
1197 1779 1241 1844 ad
1262 1799 1330 1844 ma·

130 1891 218 1951 trem
238 1904 336 1950 suam
355 1886 393 1949 in
414 1905 455 1949 eo
477 1883 620 1967 detulit,
647 1905 736 1969 quae
758 1904 831 1949 rem
854 1885 979 1949 mirata
1002 1889 1065 1949 est.
1101 1882 1330 1949 Recondebat

130 1994 245 2054 autem
265 1994 300 2052 et
316 1987 544 2053 conservabat
559 1989 594 2053 in
612 1988 716 2053 corde
734 2008 797 2053 suo
815 1989 930 2054 omnia
946 2008 1034 2071 quae
1051 1986 1201 2052 videbat.

593 2241 714 2309 Onnur
737 2243 869 2312 XLVI.

215 2432 350 2497 Rursus
368 2431 436 2496 alio
449 2430 505 2496 die
518 2431 678 2498 dominus
691 2432 792 2499 Iesus
809 2434 854 2499 ad
870 2436 979 2499 rivum
998 2453 1109 2516 aquae
1125 2430 1330 2496 versabatur

132 2558 208 2601 oum
228 2534 362 2619 pueris,
386 2535 611 2619 fecerantque
633 2537 760 2601 iterum
780 2537 984 2621 piscinulas.
1018 2535 1191 2601 Dominus
1212 2541 1330 2600 autem

130 2637 231 2705 Iesus
243 2637 428 2704 duodecim
442 2659 604 2720 passeres
621 2637 778 2720 finxerat,
795 2659 925 2723 eosque
937 2640 1030 2704 circa
1044 2639 1215 2722 piscinam
1232 2659 1331 2703 suam

131 2741 175 2807 ad
192 2741 331 2826 singula
348 2741 458 2805 latera
474 2747 593 2805 ternos
611 2740 833 2808 instruxerat.
857 2743 945 2808 Erat
961 2749 1076 2808 autem
1087 2741 1162 2807 dies
1179 2740 1327 2807 sabbati.

130 2843 256 2928 Itaque
287 2843 457 2910 accedens
485 2843 579 2909 filius
603 2844 747 2910 Hanani
771 2845 925 2912 Iudaeus
951 2866 1082 2929 eosque
1109 2846 1329 2930 conspiciens

130 2949 215 3015 talia
235 2948 436 3029 molientes,
462 2948 573 3014 iratus
596 2955 631 3014 et
652 2948 953 3034 indignabundus,
975 2949 1093 3031 Itane,
1120 2948 1250 3032 inquit,
1272 2946 1329 3012 die

130 3050 269 3117 sabbati
290 3050 418 3135 figuras
440 3073 481 3117 ex
503 3051 577 3119 luto
599 3051 753 3138 fingitis?
784 3053 832 3118 Et
851 3075 998 3138 propere
1020 3074 1205 3119 accurrens
1227 3051 1331 3136 pisci·

131 3175 192 3219 nas
219 3175 337 3220 eorum
359 3154 542 3223 destruxit.
589 3152 676 3221 (ium
696 3178 776 3222 vero
800 3156 960 3223 dominus
982 3157 1083 3224 Iesus
1104 3177 1227 3221 manus
1249 3175 1328 3220 suas

130 3277 237 3341 super
257 3279 416 3341 passeres
440 3279 527 3343 quos
548 3259 694 3325 finxerat
716 3260 973 3343 complosisset,
999 3260 1182 3327 avolarunt
1205 3257 1259 3322 illi
1280 3256 1331 3340 pi-

130 3363 278 3446 pientes.

215 3463 353 3530 Deinde
376 3464 448 3530 filio
466 3465 608 3531 Hanani
630 3467 674 3533 ad
690 3465 773 3532 Iesu
790 3487 929 3551 quoque
949 3466 1120 3550 piscinam
1140 3462 1327 3530 accedente

130 3587 275 3650 eamque
293 3566 421 3633 calceis
438 3569 677 3652 conculcante,
701 3569 841 3635 evanuit
857 3591 948 3654 aqua
965 3569 1052 3635 eius.
1085 3568 1255 3652 Dixitque
1276 3564 1331 3630 illi

131 3671 293 3736 dominus
318 3670 435 3737 Iesus:
479 3670 777 3756 Quemadmodum
803 3674 943 3739 evanuit
967 3693 1058 3756 aqua
1082 3672 1166 3752 ista,
1194 3670 1244 3735 sic
1269 3676 1330 3734 tua

130 3794 270 3857 quoque
286 3775 358 3840 vita
375 3782 565 3841 evanescet.
596 3775 644 3840 Et
661 3777 833 3860 extemplo
851 3798 939 3861 puer
954 3776 1015 3842 ille
1033 3774 1179 3841 exaruit.

198 4035 276 4084 XLV.
296 4035 375 4086 allisa
387 4036 511 4100 etjboota
523 4041 574 4086 est:
591 4038 632 4087 ita
644 4037 683 4086 ΡΙ.
697 4054 745 4102 pro
759 4055 814 4088 cam
826 4053 924 4088 earam
937 4037 1110 4095 attolleretur,
1115 4036 1211 4100 flacio
1223 4039 1261 4084 est

200 4117 296 4170 XLVI.
305 4121 475 4187 fecerantque
493 4146 524 4159 -·
541 4123 794 4189 perseverassent.-
813 4123 852 4173 ita
865 4123 904 4172 ΡΙ.
924 4139 971 4187 pro
988 4124 1176 4186 maneatque
1184 4136 1235 4184 per
1246 4119 1330 4171 sulcos

129 4223 222 4271 qaam
234 4222 266 4256 ox
276 4207 332 4257 rivo
344 4207 399 4262 illo,
414 4207 556 4270 paricolas
567 4208 615 4257 ati
627 4213 800 4258 construentes
804 4229 812 4266 ς
823 4211 977 4274 feceratque
988 4210 1104 4260 dominu
1116 4208 1187 4258 Ietas
1199 4206 1329 4256 duodecim

124 4305 245 4355 patmos

198 4380 283 4428 iratus
293 4383 319 4428 et
330 4379 545 4444 adamandae:
561 4380 627 4431 broc
640 4381 712 4445 opud
725 4380 780 4432 sik.
794 4388 822 4434 at
834 4382 905 4433 Thil.
918 4398 973 4434 nou
986 4398 1113 4448 expressa
1125 4385 1212 4431 snut.

198 4479 300 4528 emaque
312 4462 406 4516 calm&
417 4466 593 4519 mulcente.-
603 4467 644 4519 ita
655 4466 713 4529 r1.;
727 4465 782 4519 stu
795 4473 956 4521 verterat-st
966 4469 1041 4520 illam
1052 4468 1195 4520 assuras
