2962 4912
356 290 688 346 Psintino-Maurum
708 293 951 345 avuncunlum,
980 292 1054 344 CAP.
1073 294 1129 345 XV.
1302 296 1343 359 81

134 446 300 505 vocatum
321 449 376 507 est
397 463 522 507 nomen
545 443 620 507 eius
641 442 758 524 Iesus,
781 445 874 527 quod
895 451 1056 510 vocatum
1077 450 1131 510 est
1153 446 1195 510 ab
1219 448 1344 530 angelo

138 549 329 627 antequam
359 547 395 609 in
421 553 522 611 utero
548 545 803 627 conciperetur.
848 547 1041 630 Postquam
1067 554 1183 613 autem
1210 550 1345 632 impleti

140 654 223 711 sunt
248 648 324 713 dies
347 650 567 732 purgationis
588 647 738 730 Mariae,
765 649 958 713 secuudum
979 650 1091 733 legem
1107 650 1237 734 Moysi,
1261 658 1346 718 tunc

143 749 240 814 duxit
256 750 387 833 Ioseph
404 751 574 816 infantem
590 751 635 816 ad
651 751 819 833 templum
837 752 979 816 domini.
1018 751 1174 836 Cumque
1192 757 1346 838 accepis-

147 860 196 918 set
211 854 328 918 infans
339 854 570 935 perithomen‚
588 853 794 919 obtulerunt
810 876 872 937 pro
891 875 931 919 eo
943 877 1007 938 par
1018 862 1193 922 turturum
1210 859 1344 924 etduos

149 957 256 1041 pullos
274 956 523 1021 columbarum.

228 1060 240 1098 ²
255 1059 342 1124 Erat
358 1066 474 1124 autem
492 1060 527 1122 in
539 1060 668 1142 templo
679 1061 731 1123 vir
742 1060 799 1124 dei
811 1060 991 1142 perfectus
1010 1068 1045 1126 et
1061 1063 1185 1144 iustus,
1204 1065 1343 1129 nomine

153 1162 299 1247 Symeon,
317 1183 487 1226 annorum
500 1168 639 1226 centum
650 1162 845 1227 duodecim.
870 1162 941 1227 Hic
952 1185 1158 1246 responsum
1172 1166 1344 1234 adomino

155 1269 325 1348 acceperat
341 1265 425 1347 quia
441 1285 510 1329 non
527 1271 685 1347 gustaret
704 1271 849 1329 mortem
867 1266 935 1329 nisi
946 1266 1081 1332 videret
1092 1264 1269 1334 Christum
1287 1271 1344 1336 dei

157 1370 250 1433 filium
270 1369 306 1431 in
329 1388 443 1432 carne.
478 1366 547 1450 Qui
568 1388 645 1432 cum
661 1368 808 1433 vidisset
830 1368 1017 1449 infantem,
1041 1371 1244 1438 exclamavit
1260 1394 1343 1440 voce

158 1492 265 1555 magna
281 1470 418 1535 dicens:
443 1470 610 1537 Visitavit
626 1471 711 1536 deus
728 1471 868 1554 plebem
886 1493 993 1552 suam,
1013 1478 1047 1536 et
1063 1473 1220 1556 implevit
1236 1476 1345 1543 domi-

160 1597 212 1640 nus
226 1575 490 1657 promissionem
507 1595 615 1639 suam.
644 1574 693 1639 Et
708 1575 882 1639 festinans
905 1574 1063 1640 adoravit
1084 1576 1266 1643 infantem.
1297 1582 1346 1647 Et

159 1676 325 1762 posthaec
343 1678 539 1760 suscipiens
563 1699 641 1741 eum
663 1676 699 1740 in
721 1677 830 1759 pallio
852 1699 915 1742 suo
939 1677 1097 1742 adoravit
1118 1700 1196 1743 eum
1218 1680 1345 1748 iterum

161 1788 189 1847 et
209 1779 427 1845 osculabatur
451 1781 589 1862 plantas
615 1781 691 1844 eius
717 1787 753 1844 et
773 1780 876 1844 dixit:
909 1779 1014 1844 Nunc
1035 1781 1182 1847 dimittis
1209 1805 1346 1849 servum

160 1890 241 1948 tuum
256 1881 393 1947 domine
416 1882 608 1947 secundum
624 1882 766 1947 verbum
783 1889 881 1947 tuum
905 1883 940 1946 in
957 1903 1058 1965 pace,
1082 1886 1164 1966 quia
1182 1886 1346 1952 viderunt

162 1985 237 2052 oculi
257 1986 322 2049 mei
345 1985 497 2050 salutare
519 1993 633 2067 tuum,
661 1986 754 2069 quod
776 1987 910 2068 parasti
936 1992 1017 2050 ante
1041 1985 1165 2051 faciem
1191 1990 1345 2054 omnium

162 2087 359 2173 populorum,
381 2088 498 2153 lumen
515 2088 558 2152 ad
576 2088 823 2153 revelationem
841 2088 998 2172 gentium
1015 2093 1051 2152 et
1066 2088 1212 2171 gloriam
1229 2092 1344 2174 plebis

162 2191 360 2258 tuaeIsrael.

162 2391 194 2434 ert
203 2384 366 2445 circumcisio)
379 2384 456 2433 obtul.
468 2401 517 2448 pro
530 2401 558 2434 eo
577 2388 608 2433 ut
621 2398 670 2442 an3
688 2397 702 2433 c
720 2384 762 2432 ubi
780 2383 893 2447 impletio
911 2385 1019 2448 triptota
1032 2385 1119 2433 diebus
1131 2385 1205 2434 duait
1221 2387 1344 2451 infantem

164 2474 192 2520 cd
202 2471 271 2534 templ.
284 2472 349 2521 dont.
363 2477 387 2520 et
399 2472 476 2520 obtul.
486 2489 536 2536 pro
549 2489 577 2520 eo
582 2491 590 2528 ,·
604 2486 622 2520 Β
635 2472 677 2519 ubi
689 2476 777 2519 octauo
789 2472 830 2519 die
843 2472 1053 2519 circumciderunt
1063 2488 1178 2535 puerum,
1192 2476 1217 2520 et
1228 2477 1344 2522 uocatum

164 2565 195 2608 eet
208 2573 281 2606 acmen
297 2560 351 2606 eius
364 2558 442 2605 Iesus.
467 2557 533 2606 Post
546 2573 614 2620 qnae
627 2556 729 2620 porgit:
757 2556 845 2604 Tertia
856 2557 954 2604 decimu
965 2572 1025 2605 uero
1037 2557 1079 2605 die
1091 2562 1213 2607 venerunt
1223 2559 1291 2621 mapi
1310 2560 1342 2608 ab

165 2645 247 2700 oriente,
263 2645 296 2692 cl.
316 2659 374 2706 cup.
389 2643 458 2690 llVI.
477 2643 613 2706 Magorum
628 2657 689 2691 vero
703 2642 843 2691 historiam
857 2642 996 2705 excipiunt
1009 2644 1104 2692 verba:
1128 2642 1246 2706 Impletia
1263 2643 1344 2705 ipitur

164 2730 313 2794 quadruplata
324 2729 411 2777 diebus
423 2729 515 2791 Ioseph
526 2728 600 2776 duxit
613 2728 734 2791 infantam
751 2729 778 2776 iu
796 2727 914 2791 templum
925 2729 1035 2785 domiui,
1052 2733 1078 2776 et
1094 2728 1239 2777 obtulerunt
1247 2744 1299 2791 pro
1312 2744 1341 2777 eo

166 2820 199 2864 etc
208 2831 280 2878 nuque
292 2814 326 2863 ad
339 2813 418 2863 finem
432 2814 511 2862 huius
524 2829 582 2876 cap.
595 2813 651 2860 XV.
667 2810 670 2873 Ι
684 2818 709 2862 et
720 2814 783 2862 duos
798 2820 829 2862 ut
842 2826 928 2862 nonu:
943 2827 959 2861 a
973 2818 1019 2862 aut
1030 2814 1093 2862 duos
1106 2810 1110 2876 Ι
1125 2813 1310 2862 columborum:
1323 2826 1340 2860 Β

165 2900 206 2949 add
214 2902 271 2948 sicut
282 2902 405 2963 scriptum
418 2903 455 2947 eal
468 2899 493 2946 in
507 2898 561 2961 lepe
572 2898 667 2947 domim

216 2989 236 3034 λ
252 2984 395 3048 intemplo:
408 2997 424 3032 Β
437 2983 490 3033 add
500 2984 594 3032 domiui
608 2980 611 3048 Ι
623 2984 664 3031 vir
677 2983 707 3044 (Δ
720 2982 773 3031 add
784 2982 897 3046 quidam)
910 2983 1027 3048 deiperf.
1040 2988 1066 3032 et
1077 2984 1136 3034 iuat.
1151 2990 1181 3033 ut
1192 2995 1260 3042 aco;
1272 2998 1288 3032 Β
1301 2985 1343 3033 vir

163 3073 245 3135 profeta
261 3076 285 3119 el
297 3072 372 3128 iuri„
392 3084 408 3119 Β
428 3070 530 3133 quidam
546 3070 616 3118 horno
635 3070 693 3118 luat.
713 3073 737 3117 et
755 3069 890 3118 timoratus
904 3065 908 3130 Ι
923 3083 939 3117 Δ
953 3070 995 3117 cui
1012 3068 1099 3118 nomeu
1113 3069 1218 3134 Symeon
1233 3069 1237 3133 Ι
1251 3086 1342 3119 aanor.

166 3162 212 3205 ocul.
221 3158 318 3206 duodee.
331 3162 362 3204 ut
375 3169 425 3214 Δες
445 3168 480 3203 cn
494 3173 518 3204 a.
532 3173 553 3204 c.
567 3157 686 3205 tredecim
692 3175 700 3211 ,·
713 3168 730 3202 Β
744 3171 795 3213 οω,
809 3155 856 3204 sed
869 3154 930 3203 vido
943 3155 1023 3213 infra,
1036 3157 1082 3204 ubi
1095 3169 1130 3204 ΑΒ
1144 3156 1291 3205 confirmat.
1307 3154 1310 3220 Ι
1325 3173 1342 3204 a

164 3243 240 3291 danim
250 3248 280 3290 ut
289 3254 360 3300 acu;
376 3256 391 3289 Β
404 3258 421 3288 a
430 3243 485 3298 deo,
498 3254 515 3288 Β
528 3258 544 3288 α
553 3242 647 3304 spiritu
656 3245 744 3290 canoto
757 3238 760 3304 Ι
777 3242 837 3304 qaia
848 3239 892 3301 (cu
903 3242 978 3304 quod)
989 3258 1013 3289 a.
1021 3245 1140 3303 portaret
1150 3239 1176 3302 (c
1185 3241 1325 3303 purtaoret)
1331 3262 1340 3297 ‚-

165 3340 223 3376 lm
234 3329 339 3377 nimum
351 3344 378 3376 ae
390 3331 494 3376 mortem
508 3323 512 3391 Ι
526 3338 543 3373 Β
556 3328 606 3374 nisi
615 3328 690 3389 priua
701 3325 705 3391 Ι
723 3327 781 3374 Chr.
794 3326 836 3374 dei
845 3325 890 3390 fil.
905 3327 933 3388 (a
939 3325 984 3390 fil.
998 3327 1050 3389 dei)
1063 3334 1094 3375 ut
1107 3339 1177 3385 cna3
1195 3340 1211 3374 Β
1226 3327 1283 3374 Chr.
1297 3326 1340 3375 do·

164 3415 210 3462 uiui
218 3415 262 3471 dei,
274 3427 290 3461 Β
304 3415 362 3462 our.
375 3414 501 3463 dominum
515 3410 518 3477 Ι
533 3413 560 3460 in
573 3429 649 3460 carne
662 3417 692 3461 ut
705 3425 751 3468 cru
764 3425 782 3459 Δ
795 3426 885 3475 praem
899 3418 927 3461 et
939 3424 958 3459 1>
972 3412 1025 3460 add
1037 3413 1172 3468 uiuentem,-
1185 3424 1202 3459 Β
1215 3413 1321 3476 insucto
1334 3410 1339 3476 Ι

167 3498 215 3560 Qui.-
231 3512 262 3553 aa
275 3499 327 3548 1150
345 3496 348 3563 Ι
374 3498 448 3547 risit
461 3499 522 3547 deur
535 3498 562 3560 (s
575 3498 679 3559 domin.)
689 3498 742 3562 ple.
755 3515 775 3546 a.
789 3501 814 3546 et
826 3496 853 3558 (Β
866 3496 920 3559 om)
933 3498 1003 3561 impl.
1017 3499 1109 3546 domin.
1123 3497 1151 3559 (Β
1163 3498 1238 3554 deur,
1255 3511 1272 3545 a
1286 3496 1340 3560 om)

161 3602 194 3649 pr.
203 3600 233 3634 ru.
247 3591 278 3634 ut
289 3597 378 3643 acum
397 3599 413 3632 Β
431 3584 457 3630 Γ
454 3586 471 3632 i.
484 3589 509 3633 et
518 3585 589 3649 fecit
600 3585 794 3648 redemptionem
803 3584 888 3647 plebis
900 3600 960 3632 cuae
972 3583 1058 3632 Israel
1071 3583 1214 3631 benedictus
1226 3584 1341 3632 deminuo

163 3670 297 3720 deuncem
310 3669 314 3731 Ι
324 3671 473 3735 sentinam.-
491 3683 508 3718 Β
521 3670 573 3718 add
586 3686 613 3718 oe
625 3671 659 3718 ad
668 3675 772 3733 portam
785 3670 872 3733 templi
886 3669 890 3732 Ι
904 3671 1028 3733 infantem
1040 3673 1071 3718 ut
1084 3680 1153 3727 cmm
1166 3680 1202 3716 au
1215 3684 1281 3725 eum,
1299 3672 1339 3718 at·

165 3771 203 3818 quo
213 3769 227 3804 Β
237 3756 286 3805 add
303 3757 422 3806 orculrma
434 3756 538 3820 patruae
554 3757 608 3804 eiua
622 3752 625 3819 Ι
640 3756 692 3804 Et:
710 3769 726 3804 Β
739 3771 796 3813 om,
815 3768 832 3803 Β
846 3770 888 3804 orn
903 3760 964 3818 port
979 3756 1041 3803 loeo
1055 3752 1058 3818 Ι
1073 3755 1212 3816 succipiens
1224 3780 1232 3789 ·
1245 3755 1299 3803 eiua
1316 3759 1342 3803 et

163 3841 215 3890 out
222 3841 245 3904 (c
254 3844 305 3891 etue
313 3841 412 3903 dicero)
423 3847 454 3890 ut
464 3855 508 3891 cn.
523 3841 654 3890 Similiter
663 3854 681 3889 a
691 3842 802 3905 surrepit
810 3857 864 3890 eum
872 3842 899 3889 in
905 3841 1016 3905 pallium
1026 3856 1096 3889 rum
1105 3844 1130 3888 et
1139 3839 1257 3888 osculana
1262 3841 1342 3904 pedes

163 3927 282 3984 eruditu,-
295 3941 311 3975 Β
324 3928 424 3992 accepit
435 3928 462 3975 ἐκ
474 3927 550 3975 alnao
560 3943 621 3977 auur
632 3931 657 3976 et
669 3928 748 3983 dixin
766 3940 782 3975 Β
795 3927 935 3991 cuempiam
946 3926 1111 3975 osculabatur
1124 3925 1273 3988 amplexam
1285 3942 1340 3974 eum

164 4013 267 4062 aldium
286 4011 289 4076 Ι
308 4027 324 4062 Β
340 4014 440 4062 dimitte
458 4010 462 4078 Ι
482 4027 499 4061 a
514 4029 555 4061 om
568 4014 665 4063 domiue
684 4011 688 4078 Ι
708 4026 776 4062 nom
794 4029 842 4061 rec.
857 4012 922 4061 verb.
936 4017 1004 4061 tuum
1024 4009 1027 4075 Ι
1048 4010 1109 4074 quia
1120 4010 1239 4059 viderunt
1256 4026 1340 4074 usquo

166 4096 275 4147 braden
292 4114 338 4163 pro
357 4100 398 4148 his
416 4103 455 4148 etc
473 4099 562 4147 habet.
584 4095 588 4162 Ι
608 4099 708 4148 Israel:
726 4112 743 4146 Β
762 4098 815 4147 add
829 4100 866 4147 Et
883 4115 936 4147 cum
951 4097 1032 4146 cm
1045 4101 1109 4145 earet
1122 4111 1244 4144 annorum
1261 4101 1287 4145 et
1298 4097 1341 4146 uia

162 4188 231 4244 pauet
240 4201 264 4233 ae
273 4186 352 4249 ipsum
363 4201 460 4248 repere,
476 4186 593 4248 portatut
602 4201 709 4248 puerum
720 4186 746 4232 iu
760 4184 827 4232 ulnis
839 4184 980 4247 mirusque
993 4183 1027 4231 ad
1039 4182 1125 4231 altare
1138 4182 1226 4246 templi
1237 4182 1340 4231 domiui.

167 4266 232 4318 Senex
238 4287 336 4334 puerum
345 4271 479 4334 portabat,
491 4271 536 4319 sed
545 4287 612 4334 puer
623 4286 704 4320 aeuum
716 4270 827 4333 repedat.
849 4269 917 4318 Tunc
930 4270 1029 4319 locutus
1041 4273 1079 4317 eat
1090 4268 1163 4317 Iesus
1174 4268 1272 4316 diceus:
1286 4269 1340 4317 Ex·

165 4353 239 4402 mauu
253 4360 286 4404 ert
297 4357 380 4405 oratio
393 4361 452 4414 lua,
473 4357 585 4422 Symeon.
611 4358 650 4406 Et
664 4358 803 4421 atupffucti
819 4361 878 4406 auat
889 4350 972 4406 omaeu
988 4356 1105 4419 munera·
1124 4355 1211 4420 templi
1223 4355 1253 4404 de
1266 4356 1341 4404 uerbo

165 4440 221 4500 quoa
229 4441 304 4506 usaue
314 4442 413 4492 locutus
424 4448 490 4492 erat.

210 4521 278 4573 Evang.
287 4535 357 4574 apocr.
368 4527 402 4566 ed.
413 4526 566 4566 Tischendurt.
581 4524 621 4565 Ed.
632 4525 659 4565 ll.
1110 4528 1125 4575 6
