2962 4912
142 309 183 374 86
351 312 684 364 essurio-murreum
703 313 943 363 svaudunum.
971 310 1044 363 CAP.
1063 310 1134 360 xlx.

618 529 739 596 Carus
764 530 870 595 XIX.

230 667 429 734 ¹Similiter
449 667 570 732 leones
593 674 628 732 et
644 668 744 750 pardi
764 667 959 732 adorabant
979 687 1056 731 eum
1079 673 1114 731 et
1135 665 1350 732 comitaban-

143 779 201 837 tur
226 792 302 836 cum
329 772 379 835 eis
405 771 441 833 iu
463 769 619 849 desert03
646 791 864 854 quocumque
887 769 1000 835 Maria
1025 776 1060 835 et
1080 768 1211 853 Ioseph
1236 768 1350 848 ibant,

142 873 400 940 antecedebant
421 894 495 955 eos,
518 873 744 938 ostendentes
760 875 849 938 riam
871 880 906 938 et
922 873 1133 938 inclinantes
1151 872 1268 955 capita
1286 891 1352 937 sua

142 974 474 1043 adorabautIesum.
497 976 617 1041 Primo
634 983 750 1041 autem
762 977 817 1041 die
836 984 874 1040 ut
890 975 1099 1041 riditMaria
1115 976 1236 1042 leones
1254 976 1352 1040 circa

143 1101 178 1145 se
206 1080 386 1144 venientes
412 1080 566 1144 etruria
591 1078 743 1144 terarum
773 1100 915 1162 genera,
947 1079 1169 1145 vehementer
1197 1078 1351 1162 expavit.

143 1183 209 1250 Cui
231 1184 347 1249 intans
368 1185 470 1249 Iesus
490 1184 583 1250 lacto
605 1184 702 1249 vultu
723 1186 759 1248 in
781 1183 906 1249 faciem
930 1185 1005 1249 eius
1027 1184 1221 1267 respiciens
1241 1183 1351 1248 dixit:

142 1286 226 1352 Noli
244 1289 383 1369 timere,
405 1295 529 1352 mater:
553 1309 622 1352 non
646 1288 738 1351 euim
754 1287 798 1352 ad
814 1288 978 1352 iniuriam
994 1294 1090 1352 tuam
1107 1287 1169 1353 sed
1186 1286 1230 1351 ad
1248 1285 1353 1351 obse-

142 1391 261 1473 quium
282 1397 381 1455 tuum
396 1390 514 1454 venire
535 1389 716 1454 festinant.
761 1390 810 1454 Et
830 1390 884 1455 his
907 1390 1011 1456 dictis
1033 1390 1226 1473 amputavit
1247 1390 1354 1454 timo·

142 1514 213 1557 rem
231 1492 272 1557 dc
291 1493 456 1558 cordibus
476 1514 605 1557 corum.
645 1491 913 1557 'Ambulabant
928 1500 1045 1558 autem
1061 1493 1182 1558 leones
1200 1492 1352 1557 cumeis

143 1595 262 1677 simul,
285 1602 320 1661 et
336 1617 413 1661 oum
429 1595 541 1661 bobus
563 1603 599 1660 et
619 1597 728 1660 asinis
752 1603 787 1660 et
808 1597 969 1661 sumariis
988 1597 1047 1680 qui
1071 1597 1121 1662 eis
1144 1595 1353 1660 necessaria

142 1699 340 1782 portabant,
365 1707 399 1764 et
415 1698 549 1763 nullum
566 1697 754 1764 laedebant
771 1699 926 1782 quamvis
944 1698 1048 1763 simul
1063 1704 1261 1775 manereut3
1287 1695 1351 1762 sed

142 1808 242 1867 eraut
262 1805 436 1868 mansueti
458 1803 551 1868 inter
573 1824 652 1868 ores
676 1808 711 1866 et
731 1803 876 1884 arietes,
900 1823 986 1885 quos
1009 1822 1127 1867 secum
1147 1801 1190 1866 dc
1212 1800 1351 1865 Iudaea

142 1904 361 1971 adduxerant
383 1912 418 1970 et
439 1926 556 1970 seeum
578 1905 764 1970 habebant.
810 1905 910 1970 Inter
930 1906 1032 1988 lupos
1058 1904 1289 1969 ambulabant
1314 1909 1350 1967 ct

143 2008 231 2072 nihil
248 2007 494 2087 formidabant,
517 2013 552 2072 ct
569 2007 687 2072 nullus
710 2007 752 2072 ab
771 2006 839 2072 alio
858 2007 1073 2073 laedebatur.
1119 2006 1219 2071 Tune
1240 2005 1349 2071 adim·

139 2110 273 2192 pletum
295 2109 459 2193 estquod
477 2109 608 2174 dictum
631 2116 684 2174 est
705 2130 768 2192 per
782 2110 1003 2194 prophetam:
1035 2110 1128 2193 Lupi
1145 2132 1223 2175 cum
1245 2110 1348 2194 agnis

208 2320 276 2378 xlx,
297 2323 320 2369 1.
340 2320 468 2369 Similiter
480 2327 510 2368 ut
523 2332 593 2378 snm
608 2333 623 2367 u
636 2319 689 2367 edd
703 2323 794 2375 autern,
808 2331 823 2368 c
836 2324 920 2367 antem
931 2325 956 2368 et
970 2320 973 2384 Ι
985 2321 1080 2384 pardi.-
1094 2334 1110 2368 u
1122 2320 1175 2369 add
1189 2325 1267 2384 atque
1279 2320 1347 2368 alin·

138 2408 320 2471 sumserarum
329 2422 434 2469 uenero,
448 2419 463 2453 u
476 2409 502 2454 et
512 2407 589 2453 naria
599 2421 694 2469 neaera
698 2406 821 2469 ferarum
832 2406 942 2469 undique
950 2407 1076 2454 uenientes
1090 2403 1093 2470 Ι
1108 2406 1255 2455 adorabant
1268 2431 1277 2441 ·
1291 2421 1348 2454 wan

138 2493 175 2540 eis
191 2490 219 2553 (a
232 2508 286 2539 cum
298 2491 338 2552 eo)
357 2492 384 2538 in
402 2491 502 2539 deserto
521 2490 548 2553 (s
564 2507 613 2554 pes·
631 2490 766 2551 desertum)
774 2511 782 2546 ‚·
802 2507 929 2555 qnocunsq.
949 2491 975 2553 (c
989 2491 1131 2556 quacurnq.)
1144 2493 1237 2541 Maria
1254 2496 1279 2540 et
1293 2491 1346 2541 Ios.

138 2578 210 2625 ibant
223 2576 249 2638 (s
263 2578 317 2626 ibat
330 2578 385 2626 Ma.
402 2581 428 2625 et
439 2578 493 2633 Io.,·
512 2591 528 2624 s
543 2577 581 2625 Io.
599 2580 625 2624 et
642 2576 716 2624 beata
729 2576 800 2624 Mar.
819 2577 901 2639 ibant)
920 2581 1001 2626 antec.
1015 2576 1043 2638 (ιι
1055 2581 1131 2640 atque
1148 2577 1242 2638 antec.)
1256 2602 1265 2612 ·
1278 2577 1347 2625 nium

139 2669 170 2711 ut
180 2674 266 2721 soum
280 2676 297 2710 n
309 2663 487 2712 conveniebant
498 2668 524 2711 et
536 2662 716 2711 antecedebant
726 2678 767 2711 ens
773 2678 823 2726 per
831 2663 956 2711 desertum
966 2663 1061 2712 ostend.
1074 2664 1111 2712 eis
1119 2664 1186 2710 uiam
1200 2663 1204 2727 Ι
1218 2667 1243 2711 et
1256 2662 1346 2710 inclini.

139 2773 148 2784 ·
166 2750 238 2798 ador.
257 2749 340 2797 Iesssn
357 2756 388 2798 ut
407 2761 456 2807 ους
475 2762 493 2797 1³
512 2749 592 2812 plane
606 2763 662 2806 om3
681 2762 697 2796 s
716 2763 777 2797 vcro
792 2753 818 2797 et
834 2747 905 2795 incli.
923 2764 979 2811 cap.
996 2764 1042 2796 sua
1060 2748 1238 2812 servitiumque
1255 2748 1348 2797 carretis

139 2835 306 2883 adulantibus
317 2835 458 2883 exhibentes
468 2835 566 2898 nsandi
578 2850 632 2882 cum
644 2835 788 2883 reverentia
805 2833 950 2882 adorabant
962 2849 1028 2891 enm,
1046 2834 1222 2897 similiterque
1235 2848 1251 2883 s
1264 2839 1291 2882 et
1303 2834 1344 2882 ob·

138 2922 250 2985 sequium
253 2921 385 2985 facientes
396 2919 556 2968 inclinabant
567 2920 655 2983 capita
666 2935 713 2968 sua
726 2919 828 2967 immani
840 2935 893 2966 cum
903 2919 1054 2975 reuerentia,
1067 2920 1246 2983 seruitiumque
1254 2919 1347 2968 caudis

140 3006 306 3055 adulantibus
317 3004 465 3054 exhibebant
483 3005 487 3069 Ι
506 3006 593 3053 Prinna
610 3003 844 3065 aut.dis(s1³om)
858 3008 885 3052 ut
897 3005 948 3052 aid.
962 3005 1033 3052 Mar.
1047 3003 1076 3066 (u
1090 3005 1165 3052 beata
1178 3006 1246 3065 Ma.)
1259 3005 1348 3054 lenem

138 3090 186 3154 (ns
200 3091 252 3140 add
265 3095 290 3140 et
297 3090 409 3155 pardos)
420 3092 492 3139 circa
503 3107 529 3138 se
542 3090 588 3151 (aa
598 3089 651 3150 eos)
661 3089 789 3137 uenientes
801 3088 828 3150 (a
838 3088 890 3137 add
901 3093 926 3138 et
931 3089 1043 3152 pardos)
1056 3116 1065 3125 ·
1075 3106 1171 3154 genem
1182 3090 1208 3152 (s
1218 3091 1346 3153 nsonstra)

139 3190 170 3225 ua
181 3189 263 3234 usus,
276 3177 341 3226 item
352 3176 412 3237 (sod
422 3177 521 3233 Prima,
534 3181 591 3225 tum
604 3190 646 3223 om
658 3179 688 3222 ut
699 3173 830 3238 additque
846 3177 871 3221 et
883 3179 946 3223 unte
959 3173 1073 3237 espault)
1086 3186 1102 3223 c
1118 3175 1121 3238 Ι
1135 3176 1292 3224 veliementer
1304 3191 1347 3224 eu·-

135 3264 210 3327 pauit
222 3269 253 3312 ut
263 3275 330 3322 salu
344 3274 380 3312 cu
393 3278 435 3311 om
448 3263 539 3310 ueiens.
554 3259 557 3326 Ι
574 3262 621 3309 Oui
633 3261 720 3325 infans
732 3284 740 3295 ·
753 3261 841 3324 infac.
854 3261 908 3308 eius
919 3260 1010 3323 respic.
1024 3260 1082 3323 (pro
1094 3261 1136 3309 his
1147 3275 1165 3310 ι)
1174 3262 1266 3324 respic.
1277 3262 1347 3325 enin)

137 3349 205 3397 dieis
217 3355 248 3397 ut
260 3360 331 3407 sum
345 3360 360 3396 c
374 3348 405 3396 ln
418 3348 593 3413 cuiusfaciein
605 3347 652 3411 inf.
665 3347 715 3395 Ies.
730 3345 798 3394 laeto
810 3345 881 3393 vultu
893 3346 1020 3409 aspiciens
1031 3347 1112 3404 disin
1131 3361 1147 3395 ιι
1161 3347 1193 3395 ln
1205 3350 1345 3414 cniusfac.

137 3436 186 3498 inf.
199 3435 248 3484 Iss.
261 3433 368 3483 subrisit
379 3438 404 3482 et
416 3433 596 3482 consolationis
608 3448 662 3481 eam
674 3448 733 3482 vocs
746 3431 879 3495 alloquens
890 3431 957 3480 alsit
978 3429 981 3495 Ι
1002 3432 1036 3480 ad
1048 3433 1169 3481 iniuriam
1183 3438 1251 3481 mam
1265 3433 1294 3494 (s
1308 3439 1345 3483 tu.

138 3521 228 3579 isius„
247 3533 283 3568 su
297 3519 349 3569 add
362 3519 475 3582 uniunt)
490 3544 498 3556 ·
511 3523 580 3568 tuum
592 3518 640 3581 (sn
654 3518 707 3568 add
725 3522 751 3566 et
762 3517 851 3579 meum)
864 3519 949 3565 uenire
962 3517 992 3580 (s
1006 3515 1197 3582 om)festinunt
1211 3519 1214 3583 Ι
1231 3520 1322 3570 Ellis
1336 3545 1345 3556 ·

137 3608 169 3655 de
181 3607 277 3657 eordib.
290 3622 375 3655 eorum
384 3604 427 3667 (nt
439 3618 489 3663 ους
503 3618 519 3653 a
532 3605 618 3655 cordis
629 3620 727 3660 eosnm5
741 3617 758 3652 s
770 3605 802 3652 de
815 3604 890 3653 corde
904 3603 1011 3666 ipsine).·
1025 3617 1042 3651 a
1055 3619 1097 3652 om

206 3696 231 3742 2.
250 3692 422 3741 Ambulabant
438 3717 447 3727 ·
465 3690 583 3740 simulat
595 3703 684 3750 suem
704 3689 806 3738 nAmb.
823 3705 884 3752 enyo
901 3689 977 3738 simul
995 3689 1079 3738 leones
1098 3687 1102 3753 Ι
1120 3695 1146 3739 et
1158 3707 1212 3740 cum
1224 3691 1303 3741 bobus
1320 3698 1347 3741 et

138 3779 218 3827 asinis
230 3777 261 3842 (ι
274 3779 386 3827 asinibus
402 3782 428 3826 et
444 3777 509 3839 bob.)
528 3781 554 3826 et
569 3776 690 3825 asinariis
702 3773 732 3836 (s
745 3773 899 3838 nummariis)
912 3775 956 3839 qui
973 3801 982 3811 ·
996 3774 1210 3839 portabant(e1>
1224 3793 1290 3841 quae
1308 3779 1348 3828 eis

137 3879 230 3912 necess.
247 3868 322 3912 want
331 3863 505 3928 portantibus)
518 3868 550 3913 ut
562 3860 668 3927 scafis
685 3866 711 3911 et
723 3861 791 3909 asini
809 3865 834 3909 et
847 3860 919 3910 bones
937 3865 963 3910 et
978 3862 1119 3924 sanamus-ii
1131 3864 1174 3926 qni
1191 3865 1228 3911 eis
1238 3865 1345 3927 portab.

137 3966 190 3999 nec.
217 3949 258 3999 De
271 3963 288 3996 s
300 3950 362 4000 ride
374 3954 445 4014 post.
460 3946 464 4015 Ι
478 3954 504 3999 et
514 3949 611 3997 nullum
624 3974 632 3985 ·
646 3949 760 4013 quanvis
771 3946 798 4009 (c
812 3946 865 3996 add
878 3948 940 4011 ipsi)
954 3972 962 3983 ·
976 3948 1007 3995 ab
1021 3947 1108 4011 aliquo
1121 3953 1153 4010 (s
1166 3949 1231 4009 alia)
1244 3949 1346 4002 laedeb.

137 4042 168 4097 ut
179 4047 248 4094 scm
262 4036 342 4100 longe
355 4037 436 4086 sliter
448 4049 464 4084 u
477 4039 503 4084 et
514 4034 589 4084 simul
601 4034 643 4082 ubi
655 4034 753 4082 mansio
756 4034 838 4098 sacta
850 4038 888 4083 est
900 4033 1063 4097 adpabulum
1075 4034 1235 4084 accedebant.
1256 4036 1348 4084 Erant

137 4122 214 4171 etiam
225 4121 349 4169 mansueti
361 4122 456 4170 arietes
467 4121 511 4184 qni
522 4119 598 4168 simsd
609 4119 640 4168 de
653 4120 729 4168 iudea
742 4119 859 4168 exierant
876 4122 902 4167 et
912 4119 1096 4182 sequebantur,
1114 4121 1158 4184 qui
1175 4124 1201 4168 et
1212 4120 1265 4184 ipsi
1277 4121 1348 4169 inter

138 4206 223 4256 leones
238 4205 402 4255 ambulabant
417 4205 471 4255 sine
480 4206 627 4267 formidine.
652 4205 710 4254 Non
722 4204 825 4253 timebat
841 4204 911 4253 ullus
926 4204 1006 4254 ullum
1024 4210 1049 4254 et
1060 4205 1147 4254 nullus
1164 4205 1196 4253 ab
1208 4204 1264 4254 ulls>
1277 4206 1348 4256 lede-

138 4292 258 4341 daturin
276 4291 371 4355 aliquo.
396 4306 413 4341 a
426 4306 488 4341 vero
501 4307 549 4355 pro
562 4291 733 4341 Ambulabant
750 4305 834 4354 nsque
852 4290 1067 4339 laedebatursic:
1093 4290 1175 4338 Simul
1193 4306 1248 4339 men
1265 4291 1304 4340 eis
1322 4296 1349 4340 et

138 4394 192 4427 aem
204 4378 322 4428 wlnonis
339 4376 481 4439 inplerant
497 4381 523 4426 et
533 4393 638 4442 pecora.
658 4376 662 4443 Ι
684 4377 752 4427 Tunc
770 4376 934 4441 adimpletum
947 4401 955 4412 ·
968 4380 1099 4425 vescentur
1111 4375 1139 4438 (ι
1153 4376 1293 4440 comedent)
1313 4384 1347 4428 ut

137 4476 205 4515 sun:
224 4464 288 4514 item
302 4475 319 4511 a
335 4462 403 4512 Μ·
415 4488 424 4499 ·
433 4478 484 4528 pes·
495 4463 804 4528 1mnnnpr0pnaan:
828 4462 897 4527 Lupi
913 4465 996 4511 auten
1012 4477 1066 4511 nen
1083 4477 1149 4526 nana
1157 4477 1230 4526 pasc.
1244 4487 1254 4500 ·
1267 4464 1348 4514 simul
