3000 4912
145 323 222 368 m
413 284 417 296 “
613 301 886 353 rnonnoounrn

148 458 367 541 „quicumque
392 454 461 518 sine
484 475 586 521 uxore
610 457 687 518 est“.
723 453 774 517 At
795 452 859 517 hoc
881 451 1055 534 posterius,
1079 453 1108 517 si
1122 473 1234 517 verum
1251 473 1352 535 qnae·

147 569 204 649 ris,
226 567 385 632 maiorem
408 565 643 646 antiquitatem
665 564 755 646 sapit
778 564 885 629 altera
909 564 1082 646 scriptura,
1107 584 1173 646 qua
1194 564 1272 628 novi
1294 562 1352 628 ali-

148 679 229 764 quid
260 699 335 743 cum
366 677 528 760 gravitate
562 674 704 741 additur.
758 673 857 760 Quod
889 696 927 740 eo
958 675 1033 758 plus
1063 674 1222 741 momenti
1251 673 1354 739 habet

150 791 307 874 quoniam
331 787 374 853 ad
396 787 710 870 repraesentandam
737 788 844 869 ipsam
865 786 1002 869 Iosephi
1031 807 1205 869 personam
1231 786 1353 851 valuit:

147 903 179 967 is
207 901 294 966 enim
322 898 526 982 grandaevus
554 897 686 981 quidem
711 897 847 978 dicitur,
879 896 937 962 sed
962 897 1135 979 ignoratur
1162 898 1254 980 prius
1281 899 1354 962 eius

149 1012 346 1095 coniugium,
368 1011 567 1093 ignorantur
582 1009 681 1074 etiam
696 1007 765 1073 filii
794 1007 904 1074 Multo
923 1006 958 1072 id
980 1007 1076 1074 aliter
1098 1008 1136 1074 fit
1157 1010 1191 1074 in
1205 1008 1353 1074 Pseudo·

150 1123 325 1190 Matthaeo
357 1129 472 1187 nostro
494 1120 602 1204 VIII,
624 1123 663 1204 4.,
695 1126 813 1186 contra
839 1142 938 1204 quem
968 1122 1075 1203 ipsum
1103 1120 1226 1186 dixeris
1257 1141 1354 1186 evan-

150 1235 271 1320 gelium
302 1233 342 1299 de
373 1233 549 1298 nativitate
578 1232 707 1299 Mariae
737 1232 897 1315 scriptum
925 1252 1006 1297 esse.
1049 1231 1153 1297 Mitto
1184 1232 1219 1296 id
1250 1253 1354 1315 genus

150 1347 226 1411 aha.
269 1342 583 1410 Pseudo-Matthaei
611 1344 699 1408 enim
726 1343 947 1426 evangelium,
979 1343 1070 1426 quod
1097 1343 1196 1408 nobis
1224 1342 1356 1425 dicitur,

150 1456 240 1522 haud
269 1455 367 1521 dubie
394 1456 476 1521 locis
505 1455 656 1537 pluribus
682 1455 905 1539 antiquiorem
934 1454 1038 1519 refert
1068 1455 1236 1534 haeresin,
1268 1455 1354 1519 eius·

151 1567 241 1634 modi
264 1566 397 1650 quidem
421 1567 473 1632 cni
499 1567 573 1649 ipsa
601 1565 740 1632 ecclesia
766 1566 976 1650 indulgebat3
1005 1565 1145 1631 alterum
1168 1565 1208 1630 de
1235 1565 1355 1630 nativi·

151 1686 224 1745 tate
239 1678 370 1744 Mariae
387 1699 586 1762 quamquam
609 1699 684 1742 cum
705 1679 836 1743 luxuria
852 1678 1091 1743 sententiarum
1106 1677 1357 1761 verborumque,

153 1797 264 1857 tamen
289 1794 385 1855 caute
408 1795 442 1854 et
464 1791 555 1855 salva
569 1789 713 1873 quadam
736 1789 916 1856 sobrietate
935 1790 1100 1855 catholica
1118 1790 1278 1871 seriptum
1297 1794 1357 1853 est

152 1901 245 1967 Hinc
272 1901 385 1966 nescio
412 1921 456 1965 an
478 1922 499 1965 a
520 1901 661 1966 veritate
683 1923 749 1966 non
772 1901 869 1966 nimis
896 1900 1029 1966 aberret
1056 1901 1082 1965 si
1111 1901 1164 1964 cui
1191 1900 1356 1982 posterius

82 2089 83 2093 Ἰ
153 2012 375 2094 excogitatum
390 2010 543 2076 videatur
558 2010 600 2076 ad
615 2010 852 2078 eliminandum
867 2013 969 2095 prius,
992 2011 1086 2076 cuius
1101 2017 1229 2077 textum
1245 2032 1358 2094 quem·

154 2123 329 2189 admodum
351 2123 386 2186 in
409 2122 531 2187 nostris
554 2121 722 2187 codicibus
746 2129 910 2205 superest,
939 2123 982 2188 ab
1010 2123 1168 2204 exemplis
1196 2122 1357 2205 antiquis·

154 2235 245 2299 simis
269 2234 360 2298 vario
383 2231 481 2298 modo
504 2232 675 2298 deflexisse
699 2233 857 2299 credibile
881 2240 939 2299 est.

240 2344 331 2410 Illud
353 2365 432 2410 vero
460 2345 576 2427 negari
603 2365 669 2410 non
697 2350 821 2428 potest,
848 2346 913 2410 iam
938 2345 1047 2410 media
1068 2350 1179 2410 aetate
1203 2366 1278 2409 eum
1301 2345 1359 2427 qui

156 2462 208 2521 est
229 2456 269 2522 de
292 2456 467 2522 nativitate
490 2455 620 2521 Mariae
642 2455 766 2522 librum
788 2455 831 2521 ad
852 2456 1094 2539 Hieronymum
1116 2455 1283 2521 Matthaei
1312 2456 1361 2518 in·

156 2572 334 2649 terpretem
362 2566 478 2631 referri
506 2567 731 2648 consuevisse,
760 2568 823 2632 etsi
850 2568 1062 2651 antiquorum
1091 2569 1290 2651 scriptorum
1318 2567 1359 2631 de

159 2677 331 2770 evangelio
353 2676 677 2744 Pseudo-Matthaei
703 2679 895 2744 testimonia
917 2701 1015 2762 saepe
1038 2678 1172 2744 difficile
1195 2679 1286 2743 dictu
1309 2682 1362 2743 est

157 2793 270 2852 utrum
299 2794 448 2869 spectent
474 2809 515 2852 ex
538 2789 666 2855 duobus
691 2789 785 2855 h'bris
812 2791 945 2856 nostris.
989 2789 1124 2856 Primus
1147 2788 1279 2873 quidem
1303 2790 1361 2871 qui

157 2898 278 2964 librum
301 2897 342 2963 de
363 2898 537 2964 nativitate
552 2899 685 2965 Mariae
707 2901 840 2967 nomine
858 2901 1024 2968 Matthaei
1046 2901 1238 2984 insignitum
1262 2905 1361 2966 teste·

159 3015 229 3090 tur,
253 3007 475 3075 Fulbertus
497 3010 627 3075 videtur
651 3033 720 3077 esse
744 3013 960 3079 Oarnotcnsis
984 3035 1067 3079 saec.
1088 3013 1154 3079 IX.
1177 3014 1360 3095 episcopus.

160 3113 216 3185 Cf.
227 3141 321 3184 serm.
337 3121 409 3185 eius
425 3120 465 3186 de
483 3122 584 3187 nativ.
599 3123 684 3188 Mar.
700 3123 748 3188 H.
764 3129 798 3188 et
820 3123 888 3188 ΠΙ.
897 3125 922 3206 l)
946 3124 1077 3207 Postea,
1093 3146 1160 3208 qua
1175 3146 1210 3189 re
1226 3124 1361 3189 Thiloni

248 3343 270 3408 ¹)
291 3345 330 3396 Cf.
348 3348 483 3398 Biblioth.
498 3349 548 3399 PP.
561 3348 685 3414 Lugdun.
705 3355 770 3400 tom.
783 3350 882 3400 xvnl.
902 3368 927 3415 p.
940 3353 973 3400 38
985 3366 1045 3414 sqq.
1084 3350 1209 3400 Sermone
1227 3350 1277 3400 111.
1295 3353 1361 3401 haec

160 3431 303 3496 leguntur:
327 3434 425 3483 Exstat
443 3434 566 3498 quaedam
583 3450 633 3484 aon
650 3435 749 3484 «αἰαία
766 3436 873 3493 relatio,
895 3451 958 3499 quae
976 3435 1114 3484 clarissimi
1130 3437 1280 3500 interpretis
1298 3435 1377 3507 Hie-¹

159 3520 258 3583 roaymi
271 3525 445 3581 praenotatur
461 3522 569 3581 romine,
592 3522 708 3586 reserere
725 3522 822 3570 beatam
840 3522 1000 3572 Mettiaesm
1017 3528 1077 3583 port
1093 3523 1187 3571 editum
1205 3523 1362 3587 ecaepelium

160 3605 243 3650 ortem
266 3606 408 3670 praefatae
429 3606 540 3668 cirpieir
562 3610 638 3669 atque
662 3605 824 3654 initiamenta
846 3605 963 3668 puerilia
985 3604 1045 3654 Iera
1069 3606 1164 3654 Christi
1186 3607 1225 3655 ita
1248 3607 1362 3657 obscuris

159 3702 236 3736 mona
260 3692 373 3753 propria
395 3691 541 3753 obeiqecerr
561 3691 659 3740 litteris
675 3691 802 3740 hebraicis
818 3697 847 3740 et
864 3691 944 3740 nauis
961 3692 1103 3756 infidelium
1124 3691 1191 3740 illud
1213 3692 1289 3741 vellet
1312 3709 1361 3757 pa-

160 3773 215 3819 tere
232 3775 368 3838 superfluis
385 3779 410 3823 et
426 3775 587 3824 mordacibus
604 3775 710 3832 ictibasr
732 3792 796 3840 quoe
814 3782 872 3825 tm
890 3793 906 3823 α
920 3777 1068 3839 praelibato
1086 3779 1225 3839 interprete
1235 3779 1362 3843 ferentur

162 3861 356 3923 transportata,
384 3861 531 3924 quibasdam
558 3862 648 3911 obiice
669 3863 826 3924 petentibus,
854 3864 888 3912 ad
912 3864 1013 3928 linquae
1040 3864 1138 3912 latinae
1160 3866 1278 3913 aetitiam
1306 3871 1359 3915 ete.

163 3943 221 4002 Quo
244 3946 304 3995 loeo
328 3947 381 3996 etsi
405 3947 438 3997 de
463 3949 522 4012 ipso
546 3949 614 3998 libro
639 3949 708 3998 nihil
727 3952 878 3999 accuratius
897 3949 1005 4008 definit,
1030 3955 1111 4014 atque
1130 3951 1193 4001 inde
1212 3952 1283 4015 qnod
1302 3968 1361 4003 cunr

162 4036 242 4090 „ortu
261 4033 393 4096 virginis“
416 4035 606 4092 „initiamenta
624 4036 738 4098 puerilis
758 4034 818 4085 Iesu
838 4034 957 4086 Christi“
981 4039 1127 4087 coniuncta
1149 4038 1216 4088 dicit
1239 4039 1272 4087 ad
1296 4035 1361 4089 alte·

163 4134 218 4166 rum
238 4119 364 4168 concludi
383 4119 479 4169 librum
499 4124 599 4184 potest,
619 4125 708 4172 tamen
728 4122 868 4186 probabile
888 4139 941 4173 non
956 4131 998 4174 est
1010 4139 1130 4175 sermone
1142 4124 1192 4175 111.
1205 4126 1361 4177 Fnlbertum

164 4201 196 4250 de
215 4204 268 4251 alic
288 4202 389 4267 scripto
409 4219 540 4268 exponere
560 4220 638 4268 quem
656 4205 693 4256 11.
712 4221 841 4266 sermone,
861 4207 914 4265 ubi,
933 4208 1065 4258 Matthaei
1080 4208 1187 4271 quidem
1205 4224 1302 4260 nomen
1322 4217 1362 4261 tr·

164 4301 235 4346 cens,
258 4289 335 4350 plura
353 4288 387 4336 ad
407 4287 513 4336 verbum
533 4303 564 4337 ex
583 4288 652 4338 libro
671 4296 764 4340 nostro
784 4291 817 4340 de
836 4293 920 4342 nativ.
939 4293 1004 4341 Mer.
1023 4293 1110 4341 affert.
1148 4290 1189 4342 Cf.
1207 4292 1278 4344 Thil.
1297 4293 1362 4344 eod.

164 4387 255 4436 apocr.
273 4390 299 4437 p.
317 4372 439 4424 xcvnl.
477 4373 560 4432 Quam
579 4391 670 4439 parum
689 4392 751 4427 vero
769 4378 828 4442 ipsc
847 4377 934 4428 media
952 4383 1042 4428 aetate
1061 4379 1094 4428 de
1113 4381 1230 4431 anatome
1254 4381 1363 4432 nomine
