2962 4912
337 296 671 348 renunc-usuum
690 297 932 348 avuncunlum.
960 295 1033 347 cnP.
1053 296 1114 348 111.
1286 296 1326 359 73

137 448 178 514 Et
198 445 398 511 consolatus
425 454 479 511 est
508 468 613 532 super
636 446 765 528 Maria,
797 447 932 512 dicens:
969 447 1131 526 Peccavi‚
1163 440 1326 528 quoniam

140 549 361 633 suspicionem
378 547 532 631 aliquam
548 548 654 613 habui
671 550 707 613 in
724 555 769 613 te.

609 769 730 836 Onnum
754 770 841 834 XII.

215 944 223 976 ¹
237 941 385 1006 Factum
403 950 589 1007 astantem
605 942 788 1025 posthaec
811 949 846 1006 et
867 944 952 1007 exiit
969 963 1088 1008 rumor
1104 942 1198 1025 quod
1213 941 1329 1008 Maria

147 1052 222 1116 esset
244 1043 395 1127 gravida.
439 1045 488 1109 Et
513 1044 785 1128 comprehensus
810 1066 831 1110 a
857 1045 1027 1111 ministris
1052 1045 1174 1127 templi
1198 1044 1328 1128 Ioseph

149 1153 251 1218 ductus
268 1147 382 1212 estad
398 1147 610 1230 pontificem,
629 1147 689 1230 qui
706 1168 870 1212 unacum
887 1147 1130 1213 sacerdotibus
1142 1150 1258 1230 coepit
1274 1169 1329 1213 ex·

149 1254 289 1343 probrare
307 1252 340 1315 ei
357 1256 393 1316 et
408 1251 539 1316 dicere:
572 1252 621 1317 Ut
637 1253 723 1335 quid
740 1252 923 1317 fraudatus
941 1274 977 1317 es
994 1253 1136 1335 nuptias
1152 1259 1271 1317 tantae
1288 1271 1328 1316 ac

150 1358 211 1426 talis
224 1355 376 1437 virginis,
401 1377 503 1438 quam
520 1356 637 1438 angeli
655 1355 711 1421 dei
732 1357 825 1420 sicut
841 1355 1036 1420 columbam
1056 1356 1093 1419 in
1114 1355 1244 1438 templo
1267 1377 1329 1419 nu·

150 1463 284 1538 bierunt,
302 1479 392 1540 quae
408 1460 518 1523 virum
535 1480 722 1541 numquam
739 1480 804 1523 noo
820 1458 1068 1539 viderevoluit,
1087 1479 1175 1541 quae
1196 1458 1232 1522 in
1249 1459 1327 1542 lege

152 1561 432 1631 deieruditionem
454 1564 620 1644 optimam
636 1559 782 1627 babuit?
812 1561 864 1625 Tu
887 1565 1005 1626 autem
1027 1562 1057 1626 si
1078 1561 1111 1625 ei
1126 1560 1329 1625 violentiam

152 1687 203 1734 non
215 1663 369 1743 fecisses,
386 1663 449 1728 illa
464 1663 568 1729 hodie
585 1664 681 1746 virgo
699 1668 968 1747 perseverasset.
993 1662 1123 1745 Ioseph
1139 1669 1255 1728 autem
1272 1662 1330 1726 de-

152 1767 264 1836 votabat
279 1786 315 1830 se
334 1765 453 1831 iurans
465 1765 559 1848 quod
570 1786 759 1848 numquam
769 1767 947 1848 tetigisset
963 1787 1048 1831 eam.
1074 1764 1141 1831 Oui
1154 1762 1331 1831 Abiatbar

152 1869 281 1958 pontifex
307 1866 410 1932 dixit:
444 1868 541 1936 Vivit
566 1869 652 1934 deus
679 1869 844 1952 quoniam
868 1868 970 1933 modo
996 1874 1031 1932 te
1056 1866 1183 1933 faciam
1207 1873 1329 1951 potare

153 1995 250 2058 aquam
265 1972 458 2056 potationis
475 1971 618 2053 domini,
636 1977 671 2037 et
687 1973 805 2037 statim
821 1971 1006 2054 apparebit
1021 1978 1204 2054 peccatum
1220 1977 1329 2036 tuum.

216 2074 334 2140 ’Tunc
350 2079 562 2157 congregata
582 2080 636 2139 est
652 2075 763 2140 omnis
780 2074 970 2141 multitudo
983 2074 1106 2155 Israel,
1125 2094 1214 2157 quae
1231 2074 1330 2139 dinu-

153 2179 252 2245 merari
272 2201 344 2245 non
360 2183 509 2261 poterat,
533 2183 568 2242 et
589 2178 742 2243 adducta
763 2185 817 2243 est
838 2179 943 2242 etiam
959 2176 1076 2242 Maria
1096 2177 1141 2241 ad
1162 2177 1330 2260 templum

153 2283 267 2348 domini.
315 2279 525 2347 Sacerdotes
544 2301 624 2345 vero
652 2286 686 2345 et
707 2279 831 2345 affines
856 2301 896 2345 ao
917 2287 1083 2363 parantes
1107 2281 1183 2345 eius
1205 2280 1330 2346 flentes
1387 2317 1392 2327 ·

153 2385 291 2453 beabunt
311 2384 356 2450 ad
371 2382 533 2448 Mariam:
567 2383 743 2449 Confitere
761 2383 1004 2449 sacerdotibus
1020 2390 1203 2466 peccatum
1221 2391 1329 2464 tuum,

152 2509 219 2573 quae
235 2508 310 2552 eras
328 2487 420 2551 siout
434 2486 595 2551 columba
610 2488 647 2549 in
664 2486 793 2568 templo
812 2485 869 2550 dei
886 2492 922 2550 et
937 2485 1136 2569 accipiebas
1152 2486 1268 2551 cibum
1286 2485 1328 2551 de

152 2647 342 2658 ----

151 2734 172 2794 (ι
180 2732 223 2795 om)
233 2736 264 2780 nt
276 2744 346 2790 ηις
360 2743 396 2780 ou
408 2730 528 2779 υἰιίοιιοηι
540 2746 610 2779 mom
624 2725 628 2794 Ι
641 2744 720 2791 uper
731 2730 822 2779 Maria
834 2729 863 2792 (n
876 2729 964 2794 -rmnu
977 2743 994 2779 n
1007 2731 1123 2780 Mariam
1136 2727 1140 2795 Ι
1155 2744 1174 2779 1>
1187 2728 1333 2778 roceolotu

151 2833 192 2880 up.
202 2819 252 2867 ilo.
266 2819 307 2866 ar't
320 2815 324 2883 Ι
338 2832 413 2881 quon.
428 2816 457 2878 (A
470 2816 542 2879 qaia)
553 2831 624 2877 usp.
639 2815 703 2878 olr'q.
718 2813 747 2876 (n
760 2814 813 2864 cdd
831 2820 860 2865 at
871 2817 988 2879 aequm)
1001 2841 1010 2852 ·
1024 2817 1050 2864 ia
1063 2815 1105 2877 (nt
1118 2827 1167 2874 αις
1187 2826 1224 2863 Ab
1236 2813 1279 2877 de)
1293 2819 1332 2862 te:

152 2901 625 2965 lurpiec'onemneqaombobeaedete

202 2987 257 3045 111,
277 2989 301 3036 1.
329 2984 884 3047 rmum-er(oom)eoeiirrmorutoo;
904 2987 1092 3037 sFaetmeet
1103 2985 1332 3035 ostomachion·

151 3088 192 3123 ror
205 3073 295 3128 enirm
314 3085 351 3121 n
364 3073 427 3122 Post
439 3073 501 3120 baec
509 3073 603 3136 sactus
614 3075 653 3120 ert
664 3087 751 3121 rrmcor
761 3087 867 3135 mopsus
877 3069 882 3137 Ι
898 3073 938 3121 Er
949 3088 1042 3135 compr.
1057 3098 1066 3110 ·
1079 3072 1168 3134 templi
1180 3073 1211 3134 (1)
1224 3071 1278 3121 edd
1290 3071 1333 3120 dc·

151 3158 206 3222 ries)
216 3164 257 3209 otc
268 3161 301 3206 ut
313 3169 366 3216 ους
384 3158 450 3207 item
463 3170 509 3214 cn,
522 3156 570 3206 sed
583 3163 646 3221 post
657 3158 727 3206 dact.
741 3162 781 3207 ert
791 3157 845 3207 cdd
858 3174 912 3206 orm
925 3158 1024 3216 Maria,
1043 3163 1072 3208 et
1084 3171 1100 3206 n
1113 3158 1273 3222 mapmrtou
1285 3171 1333 3221 pro

152 3245 237 3293 nieirtr.
256 3247 284 3293 et
302 3249 366 3307 post
379 3248 454 3304 pour.
474 3242 527 3291 odd
540 3243 685 3299 Abiorum
703 3256 721 3292 ι
733 3243 772 3291 Et
784 3244 954 3304 conprehensa
972 3260 990 3291 a
1004 3245 1064 3292 min.
1085 3248 1118 3293 te.
1135 3249 1161 3292 et
1177 3243 1262 3305 ioseph
1274 3257 1333 3304 per·

152 3331 205 3379 aa
213 3334 268 3378 καί
279 3329 314 3377 ad
323 3333 396 3391 pont.
413 3326 416 3392 Ι
430 3327 617 3377 sacerdotibus:
630 3340 647 3374 n
661 3326 715 3376 add
727 3331 753 3375 et
762 3328 925 3390 maquatibse
936 3329 1023 3390 ternpli
1037 3325 1040 3395 Ι
1055 3332 1081 3376 et
1091 3329 1189 3378 diem:
1202 3341 1219 3376 n
1228 3328 1315 3376 ὀὶοοιιι
1328 3323 1332 3391 Ι

147 3416 220 3480 freed.
232 3432 272 3465 cs.-
291 3428 307 3463 n
319 3415 468 3478 frondator
479 3414 602 3463 eertitisti
616 3411 619 3479 Ι
634 3414 739 3476 nuptias
751 3439 760 3449 ·
773 3414 882 3477 viminis
893 3419 925 3464 ut
937 3427 989 3473 ους
1005 3427 1042 3463 ΑΒ
1055 3414 1131 3463 arm
1142 3414 1221 3463 talem
1236 3417 1262 3462 et
1278 3417 1333 3461 tan·

153 3505 192 3548 tc·
204 3502 328 3564 ὡρίων»,
341 3513 358 3549 n
371 3504 459 3548 tantae
475 3504 501 3548 et
518 3499 567 3547 tclr'
578 3500 674 3562 oirpini
688 3496 692 3563 Ι
706 3515 780 3563 quom
793 3498 823 3561 (n
835 3498 889 3549 add
902 3500 938 3563 et)
951 3525 960 3536 ·
973 3498 1066 3560 templo
1079 3498 1109 3561 (n
1128 3498 1182 3548 add
1190 3499 1300 3556 domitu,
1318 3509 1334 3548 ο

153 3587 193 3649 ier)
205 3591 267 3636 reb.
286 3590 318 3635 nt
331 3598 420 3644 anem
439 3598 455 3633 s
468 3600 543 3648 quom
560 3585 667 3648 melae
683 3587 779 3634 domiai
790 3610 800 3622 ·
812 3586 943 3634 amabat
956 3583 961 3650 Ι
974 3585 1024 3633 cir.
1041 3601 1125 3648 namq.
1140 3584 1167 3646 (n
1180 3600 1257 3649 ως.
1271 3584 1333 3647 vir.)

154 3688 188 3721 rec
196 3672 231 3734 (ut
242 3685 288 3733 0133
301 3673 354 3722 rell
367 3671 421 3733 om)
433 3672 486 3720 rid.
497 3671 548 3719 col.
562 3669 591 3732 (Δ
600 3669 651 3719 col.
663 3671 714 3720 oid.
725 3670 882 3733 metabere)
897 3668 901 3735 Ι
916 3683 952 3719 Aa
962 3684 1004 3718 om
1015 3675 1098 3718 aetem
1113 3667 1117 3734 Ι
1131 3684 1147 3718 ιι
1159 3671 1210 3718 riri
1222 3670 1266 3719 illi
1274 3671 1334 3720 υἱοὶ.

154 3759 219 3816 {ceta
233 3756 237 3823 Ι
249 3757 299 3806 illo
314 3783 324 3793 ·
340 3760 530 3820 perseverasset
541 3755 570 3818 (ι
583 3756 677 3818 rant)
689 3761 721 3804 ut
734 3767 784 3812 oss
802 3769 859 3805 ann
876 3757 959 3804 odrae
977 3757 1004 3804 tn
1015 3755 1165 3819 oirpiaitate
1177 3771 1224 3804 raa
1236 3754 1266 3816 (n
1280 3754 1334 3818 om)

153 3844 308 3904 morciaci
319 3841 350 3903 (Δ
358 3840 533 3904 permaneret)
547 3838 551 3906 Ι
566 3841 619 3890 Ios.
634 3846 717 3889 artem
728 3841 784 3892 der.
801 3857 827 3889 ec
844 3840 896 3890 irrr.
911 3839 940 3903 (Δ
953 3842 1044 3889 iurare
1054 3840 1166 3899 Movit,
1184 3852 1202 3888 a
1215 3843 1282 3902 oepit
1293 3843 1335 3890 de·

156 3930 352 3996 mflmiter)
365 3933 397 3977 ut
409 3939 497 3986 cmm
509 3939 527 3975 ι
540 3928 601 3990 quio
612 3926 748 3975 devovebat
759 3941 786 3975 ec
797 3927 889 3975 irroret
901 3922 905 3993 Ι
920 3927 987 3990 qaod
998 3942 1082 3990 amoq.
1097 3924 1145 3988 (An
1157 3925 1211 3975 edd
1220 3925 1334 3989 peritae)

156 4020 191 4064 rer.
198 4031 244 4064 m
253 4018 285 4065 ut
295 4027 385 4071 cnm
397 4025 414 4061 s
424 4013 491 4076 qaod
499 4028 581 4076 wnq.
592 4027 647 4060 eam
653 4012 757 4074 penitus
765 4012 806 4060 vir
815 4013 887 4075 tetip.
904 4008 908 4075 Ι
921 4025 939 4060 n
948 4012 1066 4068 Instar,
1079 4025 1098 4060 1>
1108 4011 1225 4060 Atiam
1238 4009 1242 4075 Ι
1255 4012 1335 4062 dicit:

157 4101 311 4164 nuptura
324 4096 329 4164 Ι
342 4101 418 4148 ders:
435 4111 452 4146 n
463 4098 580 4147 ἀοιιιίιιιιι
592 4097 596 4163 Ι
611 4099 740 4162 prosimu:
759 4112 777 4145 Α
790 4099 860 4161 quia,
872 4110 889 4146 n
901 4098 981 4161 qaod,
998 4110 1016 4146 n
1028 4101 1055 4145 ct
1065 4111 1110 4159 epo
1125 4093 1129 4161 Ι
1143 4100 1169 4144 et
1179 4098 1281 4144 rtatim
1299 4109 1335 4146 n

157 4189 274 4251 Μαρια,
286 4200 302 4235 1
315 4190 341 4234 et
351 4201 409 4233 moe
1200 4192 1206 4206 ¹

210 4275 232 4322 t.
247 4269 580 4334 mir(nom)matt.1er.
595 4268 625 4330 (Δ
634 4269 734 4332 populi,
747 4282 764 4317 n
773 4268 829 4330 om)
843 4293 852 4304 ·
865 4273 890 4317 et
903 4267 950 4332 (cn
961 4265 1016 4329 om)
1030 4267 1090 4316 cdd.
1103 4271 1142 4315 est
1153 4267 1230 4315 etiam
1241 4265 1271 4330 (Α
1281 4267 1335 4331 om)

159 4359 254 4407 domici
264 4355 293 4420 (Δ
305 4355 361 4419 om)
373 4363 405 4405 ut
417 4369 506 4414 acum
520 4368 537 4404 n
549 4357 660 4404 martra
667 4370 735 4417 pore
747 4357 859 4404 marm
870 4356 897 4403 in
909 4351 1002 4416 amplo
1014 4353 1109 4402 domiso
1120 4357 1146 4402 ct
1156 4352 1296 4412 moena,
1308 4359 1338 4403 ut

159 4443 182 4490 ie
193 4444 295 4493 indiciam
311 4444 366 4492 etue
378 4439 573 4506 prospicerent!
589 4441 649 4492 Soc.
664 4458 723 4491 vero
741 4466 750 4477 ·
769 4441 804 4489 cd
815 4436 931 4489 Mariam
949 4438 977 4501 (ο
990 4438 1025 4488 ad
1036 4436 1101 4501 eom)
1118 4442 1151 4488 ut
1164 4450 1251 4498 anem
1269 4452 1286 4488 B
1301 4439 1337 4488 Bt
