2962 4912
161 303 225 365 486
556 308 723 359 vmmern
746 308 970 359 susurronis,

248 456 276 495 ³⁵
300 456 430 521 Deinde
459 457 542 522 dixit
569 458 725 526 Tiberius
756 462 937 543 imperatur
963 459 1146 527 Velosiane
1174 458 1369 538 Velosiane‚

162 561 272 626 vidisti
295 562 439 645 aliquem
466 563 630 628 hominem
654 565 693 631 de
721 567 774 631 his
797 565 854 648 qui
878 564 1037 629 vidissent
1058 564 1256 631 Christum?
1301 563 1369 631 Ve-

162 666 310 733 lesianus
342 668 514 751 respondit
545 667 632 737 Vidi.
678 671 775 736 Dixit
806 668 1026 751 Interrogasti
1060 668 1224 752 quemodo
1257 668 1367 751 bapti-

163 778 240 837 zant
271 796 325 838 ees
355 773 411 857 qui
444 773 623 839 eredebant
653 776 687 839 in
717 774 909 841 Christum?
955 773 1153 841 Velosianus
1181 772 1267 837 dixit
1286 772 1367 854 Hic,

163 874 292 939 demine
315 875 369 957 mi,
394 875 554 942 hahemus
576 899 678 942 unum
703 896 743 942 ex
766 876 937 960 discipulis
959 876 1064 961 ipsius
1088 875 1226 943 Christi.
1269 874 1367 941 'func

163 982 333 1064 praecepit
354 983 466 1047 vecari
489 980 625 1047 Nathan
647 982 759 1047 venire
785 983 826 1048 ad
855 1004 899 1048 se.
943 980 1049 1049 Venit
1069 1003 1147 1066 erge
1170 980 1310 1046 Nathan
1334 987 1367 1044 et

163 1084 346 1167 baptizavit
377 1108 451 1151 eum
483 1087 517 1151 in
548 1087 681 1152 nomine
712 1087 818 1170 patris
851 1092 883 1151 et
914 1084 975 1150 lilii
1007 1091 1041 1151 et
1073 1086 1211 1168 spiritus
1248 1086 1367 1166 sancti,

163 1208 267 1253 umen.
319 1188 439 1253 Statim
466 1189 620 1254 Tiberius
652 1191 836 1273 imperator
867 1188 975 1254 sactus
1007 1208 1106 1255 sanus
1137 1188 1179 1254 ah
1212 1188 1367 1253 omnibus

163 1292 377 1375 languoribus
409 1295 478 1358 suis
510 1293 659 1359 aseendit
690 1316 788 1378 super
820 1293 937 1358 solium
967 1314 1062 1357 suum
1090 1298 1123 1357 et
1150 1291 1236 1356 dixit
1256 1291 1366 1356 Bene-

163 1393 270 1459 dictus
294 1415 341 1476 eS‚
371 1396 499 1462 demine
523 1396 604 1461 deus
627 1398 834 1480 omnipotens
857 1402 890 1461 et
912 1395 1103 1478 laudabilis,
1133 1396 1190 1477 qui
1212 1393 1365 1459 liberasti

163 1519 214 1563 mc
231 1498 270 1563 dc
289 1499 407 1582 luquee
432 1500 547 1565 mortis
570 1504 604 1565 et
626 1500 790 1565 mundasti
813 1521 864 1564 me
887 1497 929 1563 ah
954 1497 1105 1562 omnihus
1127 1496 1365 1581 iniquitatibus

163 1601 258 1683 mele,
287 1602 366 1684 quia
393 1602 531 1666 multum
560 1604 692 1684 peccavi
722 1623 832 1667 coram
854 1606 901 1681 te,
929 1599 1058 1664 demine
1087 1599 1168 1664 deus
1196 1620 1305 1682 meus,
1333 1603 1368 1663 et

162 1723 231 1768 non
259 1725 330 1767 sum
359 1703 477 1787 dignus
504 1704 615 1770 videre
643 1705 763 1769 faeiem
791 1709 890 1769 tuam.
937 1702 985 1767 Et
1012 1708 1092 1765 tunc
1119 1700 1278 1767 Tiberius
1306 1701 1367 1765 im·

162 1810 298 1888 perator
328 1805 392 1870 fuit
417 1807 599 1873 instructus
627 1807 661 1871 in
691 1806 842 1872 omnihus
869 1803 1020 1870 articulis
1049 1802 1126 1868 fidei
1153 1801 1304 1887 plenarie
1333 1807 1368 1867 et

163 1909 259 1974 tirmu
281 1910 353 1976 lide.

250 2013 277 2053 ³⁰
299 2013 378 2096 Ipse
402 2015 482 2080 deus
504 2015 710 2098 omnipotens
733 2015 791 2098 qui
818 2017 870 2079 est
899 2033 957 2078 rex
985 2032 1100 2094 regum
1127 2016 1162 2077 et
1190 2011 1368 2077 dominan-

163 2115 245 2180 tium
276 2117 442 2200 deminus,
472 2118 544 2200 ipse
572 2139 633 2183 nes
661 2119 696 2182 in
723 2117 787 2182 lide
815 2137 876 2181 sue
903 2119 1057 2197 protegat
1085 2119 1119 2179 et
1145 2112 1305 2179 defendat
1334 2120 1370 2179 et

163 2220 282 2285 liberet
304 2221 344 2285 uh
368 2223 457 2286 ernni
479 2222 628 2304 periculo
658 2228 692 2286 et
718 2221 818 2303 male,
848 2225 881 2285 et
909 2218 1065 2302 dignetur
1092 2239 1154 2283 nos
1182 2218 1369 2302 perducere

163 2322 328 2388 advitam
351 2329 534 2405 aeternam,
562 2325 631 2389 vita
659 2323 835 2407 temporali
861 2321 1043 2387 deficiente.
1089 2319 1155 2406 Qui
1183 2326 1237 2386 est
1266 2321 1367 2387 bene·

164 2427 271 2493 dietus
294 2428 329 2492 in
353 2430 486 2495 saecula
509 2430 729 2511 saeculorum,
753 2449 856 2494 amen.

250 2641 293 2690 36.
318 2640 577 2702 deusomnipotens·
595 2642 721 2690 dominre:
744 2640 800 2688 Ven
818 2640 879 2687 deur
897 2637 990 2701 omnip.
1005 2637 1047 2700 qui
1065 2641 1102 2685 erl
1120 2651 1226 2701 reputem
1244 2640 1270 2684 el
1288 2636 1369 2685 doni·

165 2727 277 2775 nantium
295 2727 420 2782 <lominum
440 2727 507 2776 hrnh
526 2732 564 2777 eet
582 2744 627 2776 rex
645 2743 739 2790 repunt,
756 2727 818 2775 deur
835 2729 860 2775 et
877 2724 991 2774 dominus
1009 2722 1190 2770 dominantium
1214 2720 1218 2783 Ι
1243 2720 1298 2783 Qut
1316 2726 1369 2772 est:

166 2813 223 2865 ch
241 2816 284 2878 qui
301 2831 327 2862 er

252 2902 324 2949 hSnx
343 2901 461 2950 breviter
479 2902 530 2950 sic:
558 2902 603 2949 Cui
621 2906 655 2949 sil
670 2901 758 2965 pluria
776 2906 800 2948 el
817 2901 897 2950 honor
916 2895 1063 2946 insaecula
1083 2895 1259 2956 saeculorum,
1285 2913 1369 2948 ame».
