<?xml version="1.0" encoding="UTF-8"?>
<!DOCTYPE html PUBLIC "-//W3C//DTD XHTML 1.0 Transitional//EN"
    "http://www.w3.org/TR/xhtml1/DTD/xhtml1-transitional.dtd">
<html xmlns="http://www.w3.org/1999/xhtml" xml:lang="en" lang="en">
 <head>
  <title>
</title>
<meta http-equiv="Content-Type" content="text/html;charset=utf-8" />
  <meta name='ocr-system' content='tesseract 3.04.00' />
  <meta name='ocr-capabilities' content='ocr_page ocr_carea ocr_par ocr_line ocrx_word'/>
</head>
<body>
  <div class='ocr_page' id='page_1' title='image "./evangeliaapocry00tiscgoog_0215.png"; bbox 0 0 2962 4912; ppageno 0'>
   <div class='ocr_carea' id='block_1_1' title="bbox 147 307 1075 372">
    <p class='ocr_par' dir='ltr' id='par_1_1' title="bbox 147 307 1075 372">
     <span class='ocr_line' id='line_1_1' title="bbox 147 307 1075 372; baseline -0.009 -7"><span class='ocrx_word' id='word_1_1' title='bbox 147 309 208 372; x_wconf 83' lang='grc'>116</span> <span class='ocrx_word' id='word_1_2' title='bbox 419 309 465 361; x_wconf 72' lang='lat' dir='ltr'>DE</span> <span class='ocrx_word' id='word_1_3' title='bbox 483 307 696 361; x_wconf 72' lang='lat' dir='ltr'>usrlvmuru</span> <span class='ocrx_word' id='word_1_4' title='bbox 715 307 857 360; x_wconf 63' lang='lat' dir='ltr'>urtella.</span> <span class='ocrx_word' id='word_1_5' title='bbox 885 308 960 360; x_wconf 78' lang='grc' dir='ltr'><strong>ΟΔΡ.</strong></span> <span class='ocrx_word' id='word_1_6' title='bbox 980 309 1011 359; x_wconf 86' lang='lat' dir='ltr'>V.</span> <span class='ocrx_word' id='word_1_7' title='bbox 1030 307 1075 358; x_wconf 84' lang='lat' dir='ltr'>vl.</span> 
     </span>
    </p>
   </div>
   <div class='ocr_carea' id='block_1_2' title="bbox 142 455 1354 1658">
    <p class='ocr_par' dir='ltr' id='par_1_2' title="bbox 142 455 1354 1658">
     <span class='ocr_line' id='line_1_2' title="bbox 144 455 1352 543; baseline -0.001 -19"><span class='ocrx_word' id='word_1_8' title='bbox 144 459 315 540; x_wconf 78' lang='lat' dir='ltr'>manebit,</span> <span class='ocrx_word' id='word_1_9' title='bbox 341 466 465 542; x_wconf 88' lang='lat' dir='ltr'>postea</span> <span class='ocrx_word' id='word_1_10' title='bbox 490 459 631 523; x_wconf 82' lang='lat' dir='ltr'>servitio</span> <span class='ocrx_word' id='word_1_11' title='bbox 656 459 787 524; x_wconf 86' lang='lat' dir='ltr'>demini</span> <span class='ocrx_word' id='word_1_12' title='bbox 805 455 1011 543; x_wconf 73' lang='lat' dir='ltr'>&#39;mancipata</span> <span class='ocrx_word' id='word_1_13' title='bbox 1035 480 1056 523; x_wconf 90' lang='lat' dir='ltr'>a</span> <span class='ocrx_word' id='word_1_14' title='bbox 1080 457 1211 540; x_wconf 87' lang='lat' dir='ltr'>templo</span> <span class='ocrx_word' id='word_1_15' title='bbox 1236 479 1352 541; x_wconf 90' lang='lat' dir='ltr'>usque</span> 
     </span>
     <span class='ocr_line' id='line_1_3' title="bbox 144 560 1354 646; baseline -0.002 -18"><span class='ocrx_word' id='word_1_16' title='bbox 144 562 189 628; x_wconf 90' lang='lat' dir='ltr'>ad</span> <span class='ocrx_word' id='word_1_17' title='bbox 211 562 456 646; x_wconf 78' lang='lat' dir='ltr'>intelligibiles</span> <span class='ocrx_word' id='word_1_18' title='bbox 477 583 587 627; x_wconf 84' lang='lat' dir='ltr'>annos</span> <span class='ocrx_word' id='word_1_19' title='bbox 610 583 680 627; x_wconf 93' lang='lat' dir='ltr'>non</span> <span class='ocrx_word' id='word_1_20' title='bbox 703 561 876 643; x_wconf 85' lang='lat' dir='ltr'>discedet,</span> <span class='ocrx_word' id='word_1_21' title='bbox 899 563 949 626; x_wconf 93' lang='lat' dir='ltr'>ibi</span> <span class='ocrx_word' id='word_1_22' title='bbox 974 561 1125 644; x_wconf 87' lang='lat' dir='ltr'>denique</span> <span class='ocrx_word' id='word_1_23' title='bbox 1148 560 1294 627; x_wconf 90' lang='lat' dir='ltr'>ieiuniis</span> <span class='ocrx_word' id='word_1_24' title='bbox 1316 567 1354 626; x_wconf 89' lang='lat' dir='ltr'>et</span> 
     </span>
     <span class='ocr_line' id='line_1_4' title="bbox 145 664 1351 734; baseline -0.004 -1"><span class='ocrx_word' id='word_1_25' title='bbox 145 668 364 734; x_wconf 89' lang='lat' dir='ltr'>orationibus</span> <span class='ocrx_word' id='word_1_26' title='bbox 388 673 489 733; x_wconf 89' lang='lat' dir='ltr'>nocte</span> <span class='ocrx_word' id='word_1_27' title='bbox 513 689 553 734; x_wconf 88' lang='lat' dir='ltr'>ec</span> <span class='ocrx_word' id='word_1_28' title='bbox 576 668 631 732; x_wconf 91' lang='lat' dir='ltr'>die</span> <span class='ocrx_word' id='word_1_29' title='bbox 655 668 719 733; x_wconf 90' lang='lat' dir='ltr'>deo</span> <span class='ocrx_word' id='word_1_30' title='bbox 742 669 896 733; x_wconf 82' lang='lat' dir='ltr'>serviens</span> <span class='ocrx_word' id='word_1_31' title='bbox 925 669 967 733; x_wconf 88' lang='lat' dir='ltr'>ab</span> <span class='ocrx_word' id='word_1_32' title='bbox 995 668 1087 733; x_wconf 94' lang='lat' dir='ltr'>omni</span> <span class='ocrx_word' id='word_1_33' title='bbox 1110 664 1290 732; x_wconf 91' lang='lat' dir='ltr'>immundo</span> <span class='ocrx_word' id='word_1_34' title='bbox 1313 684 1351 729; x_wconf 90' lang='lat' dir='ltr'>se</span> 
     </span>
     <span class='ocr_line' id='line_1_5' title="bbox 143 767 1350 855; baseline -0.003 -19"><span class='ocrx_word' id='word_1_35' title='bbox 143 771 347 852; x_wconf 80' lang='lat' dir='ltr'>abstinebit,</span> <span class='ocrx_word' id='word_1_36' title='bbox 365 772 474 836; x_wconf 87' lang='lat' dir='ltr'>virum</span> <span class='ocrx_word' id='word_1_37' title='bbox 491 792 680 855; x_wconf 86' lang='lat' dir='ltr'><strong>numquam</strong></span> <span class='ocrx_word' id='word_1_38' title='bbox 697 777 895 854; x_wconf 81' lang='lat' dir='ltr'>cognoscet,</span> <span class='ocrx_word' id='word_1_39' title='bbox 914 771 976 836; x_wconf 88' lang='lat' dir='ltr'>sed</span> <span class='ocrx_word' id='word_1_40' title='bbox 993 770 1067 836; x_wconf 85' lang='lat' dir='ltr'>sola</span> <span class='ocrx_word' id='word_1_41' title='bbox 1084 771 1159 835; x_wconf 87' lang='lat' dir='ltr'>sine</span> <span class='ocrx_word' id='word_1_42' title='bbox 1177 767 1350 850; x_wconf 84' lang='lat' dir='ltr'>exemplo,</span> 
     </span>
     <span class='ocr_line' id='line_1_6' title="bbox 145 872 1350 957; baseline -0.004 -18"><span class='ocrx_word' id='word_1_43' title='bbox 145 875 219 939; x_wconf 92' lang='lat' dir='ltr'>sine</span> <span class='ocrx_word' id='word_1_44' title='bbox 237 873 387 955; x_wconf 89' lang='lat' dir='ltr'>macule,</span> <span class='ocrx_word' id='word_1_45' title='bbox 410 875 485 939; x_wconf 89' lang='lat' dir='ltr'>siue</span> <span class='ocrx_word' id='word_1_46' title='bbox 504 875 743 957; x_wconf 82' lang='lat' dir='ltr'>corruptione,</span> <span class='ocrx_word' id='word_1_47' title='bbox 767 875 841 939; x_wconf 90' lang='lat' dir='ltr'>sine</span> <span class='ocrx_word' id='word_1_48' title='bbox 858 873 950 938; x_wconf 83' lang='lat' dir='ltr'>virili</span> <span class='ocrx_word' id='word_1_49' title='bbox 968 874 1230 954; x_wconf 85' lang='lat' dir='ltr'>commixtione,</span> <span class='ocrx_word' id='word_1_50' title='bbox 1252 872 1350 954; x_wconf 88' lang='lat' dir='ltr'>virgo</span> 
     </span>
     <span class='ocr_line' id='line_1_7' title="bbox 144 974 1351 1060; baseline -0.002 -19"><span class='ocrx_word' id='word_1_51' title='bbox 144 976 269 1058; x_wconf 89' lang='lat' dir='ltr'>filium,</span> <span class='ocrx_word' id='word_1_52' title='bbox 291 976 421 1041; x_wconf 88' lang='lat' dir='ltr'>ancilla</span> <span class='ocrx_word' id='word_1_53' title='bbox 444 976 620 1042; x_wconf 91' lang='lat' dir='ltr'>dominum</span> <span class='ocrx_word' id='word_1_54' title='bbox 643 983 678 1041; x_wconf 90' lang='lat' dir='ltr'>et</span> <span class='ocrx_word' id='word_1_55' title='bbox 700 978 814 1060; x_wconf 86' lang='lat' dir='ltr'>gratia</span> <span class='ocrx_word' id='word_1_56' title='bbox 836 983 871 1043; x_wconf 88' lang='lat' dir='ltr'>et</span> <span class='ocrx_word' id='word_1_57' title='bbox 891 978 1032 1042; x_wconf 90' lang='lat' dir='ltr'>nomine</span> <span class='ocrx_word' id='word_1_58' title='bbox 1055 984 1090 1041; x_wconf 91' lang='lat' dir='ltr'>et</span> <span class='ocrx_word' id='word_1_59' title='bbox 1111 996 1215 1059; x_wconf 90' lang='lat' dir='ltr'>opere</span> <span class='ocrx_word' id='word_1_60' title='bbox 1240 974 1351 1039; x_wconf 85' lang='lat' dir='ltr'>salvu-</span> 
     </span>
     <span class='ocr_line' id='line_1_8' title="bbox 143 1076 1348 1163; baseline -0.002 -19"><span class='ocrx_word' id='word_1_61' title='bbox 143 1086 254 1144; x_wconf 90' lang='lat' dir='ltr'>torem</span> <span class='ocrx_word' id='word_1_62' title='bbox 270 1079 390 1143; x_wconf 90' lang='lat' dir='ltr'>mundi</span> <span class='ocrx_word' id='word_1_63' title='bbox 408 1079 601 1163; x_wconf 84' lang='lat' dir='ltr'>generabit.</span> <span class='ocrx_word' id='word_1_64' title='bbox 649 1080 660 1114; x_wconf 88' lang='lat'><strong>¹</strong></span> <span class='ocrx_word' id='word_1_65' title='bbox 676 1078 803 1162; x_wconf 88' lang='lat' dir='ltr'>Itaque</span> <span class='ocrx_word' id='word_1_66' title='bbox 821 1100 923 1163; x_wconf 90' lang='lat' dir='ltr'>surge</span> <span class='ocrx_word' id='word_1_67' title='bbox 941 1079 1091 1144; x_wconf 88' lang='lat' dir='ltr'>ascende</span> <span class='ocrx_word' id='word_1_68' title='bbox 1108 1076 1348 1158; x_wconf 83' lang='lat' dir='ltr'>Hierusalem,</span> 
     </span>
     <span class='ocr_line' id='line_1_9' title="bbox 145 1179 1350 1266; baseline -0.001 -21"><span class='ocrx_word' id='word_1_69' title='bbox 145 1187 180 1246; x_wconf 93' lang='lat' dir='ltr'>et</span> <span class='ocrx_word' id='word_1_70' title='bbox 196 1202 274 1246; x_wconf 93' lang='lat' dir='ltr'>cum</span> <span class='ocrx_word' id='word_1_71' title='bbox 290 1184 492 1265; x_wconf 83' lang='lat' dir='ltr'>perveneris</span> <span class='ocrx_word' id='word_1_72' title='bbox 514 1182 558 1247; x_wconf 89' lang='lat' dir='ltr'>ad</span> <span class='ocrx_word' id='word_1_73' title='bbox 574 1187 726 1266; x_wconf 90' lang='lat' dir='ltr'>portam,</span> <span class='ocrx_word' id='word_1_74' title='bbox 749 1202 838 1266; x_wconf 91' lang='lat' dir='ltr'>quae</span> <span class='ocrx_word' id='word_1_75' title='bbox 862 1203 968 1247; x_wconf 88' lang='lat' dir='ltr'>aurea</span> <span class='ocrx_word' id='word_1_76' title='bbox 987 1204 1050 1265; x_wconf 93' lang='lat' dir='ltr'>pro</span> <span class='ocrx_word' id='word_1_77' title='bbox 1073 1202 1113 1246; x_wconf 91' lang='lat' dir='ltr'>eo</span> <span class='ocrx_word' id='word_1_78' title='bbox 1132 1180 1227 1265; x_wconf 90' lang='lat' dir='ltr'>quod</span> <span class='ocrx_word' id='word_1_79' title='bbox 1244 1179 1350 1246; x_wconf 88' lang='lat' dir='ltr'>deau-</span> 
     </span>
     <span class='ocr_line' id='line_1_10' title="bbox 143 1282 1350 1368; baseline -0.001 -20"><span class='ocrx_word' id='word_1_80' title='bbox 143 1291 219 1349; x_wconf 84' lang='lat' dir='ltr'>rata</span> <span class='ocrx_word' id='word_1_81' title='bbox 236 1289 290 1349; x_wconf 94' lang='lat' dir='ltr'>est</span> <span class='ocrx_word' id='word_1_82' title='bbox 304 1289 462 1366; x_wconf 79' lang='lat' dir='ltr'>uocetur,</span> <span class='ocrx_word' id='word_1_83' title='bbox 485 1286 535 1349; x_wconf 94' lang='lat' dir='ltr'>ibi</span> <span class='ocrx_word' id='word_1_84' title='bbox 551 1306 613 1368; x_wconf 90' lang='lat' dir='ltr'>pro</span> <span class='ocrx_word' id='word_1_85' title='bbox 632 1286 731 1368; x_wconf 91' lang='lat' dir='ltr'>signo</span> <span class='ocrx_word' id='word_1_86' title='bbox 748 1285 858 1349; x_wconf 85' lang='lat' dir='ltr'>virum</span> <span class='ocrx_word' id='word_1_87' title='bbox 873 1290 988 1365; x_wconf 91' lang='lat' dir='ltr'>tuum,</span> <span class='ocrx_word' id='word_1_88' title='bbox 1012 1305 1074 1367; x_wconf 91' lang='lat' dir='ltr'>pro</span> <span class='ocrx_word' id='word_1_89' title='bbox 1093 1284 1192 1349; x_wconf 90' lang='lat' dir='ltr'>cuius</span> <span class='ocrx_word' id='word_1_90' title='bbox 1213 1282 1350 1348; x_wconf 90' lang='lat' dir='ltr'>incolu-</span> 
     </span>
     <span class='ocr_line' id='line_1_11' title="bbox 143 1379 1351 1469; baseline -0.002 -18"><span class='ocrx_word' id='word_1_91' title='bbox 143 1387 276 1452; x_wconf 85' lang='lat' dir='ltr'>mitatis</span> <span class='ocrx_word' id='word_1_92' title='bbox 297 1394 390 1453; x_wconf 92' lang='lat' dir='ltr'>statu</span> <span class='ocrx_word' id='word_1_93' title='bbox 415 1388 569 1453; x_wconf 90' lang='lat' dir='ltr'>sollicita</span> <span class='ocrx_word' id='word_1_94' title='bbox 591 1408 642 1468; x_wconf 87' lang='lat' dir='ltr'>es,</span> <span class='ocrx_word' id='word_1_95' title='bbox 666 1388 802 1453; x_wconf 86' lang='lat' dir='ltr'>obvium</span> <span class='ocrx_word' id='word_1_96' title='bbox 825 1387 982 1453; x_wconf 90' lang='lat' dir='ltr'>habebis.</span> <span class='ocrx_word' id='word_1_97' title='bbox 1021 1379 1110 1452; x_wconf 84' lang='lat' dir='ltr'>Cum</span> <span class='ocrx_word' id='word_1_98' title='bbox 1130 1386 1217 1452; x_wconf 88' lang='lat' dir='ltr'>haec</span> <span class='ocrx_word' id='word_1_99' title='bbox 1239 1386 1351 1469; x_wconf 87' lang='lat' dir='ltr'>igitur</span> 
     </span>
     <span class='ocr_line' id='line_1_12' title="bbox 142 1488 1350 1574; baseline -0.002 -20"><span class='ocrx_word' id='word_1_100' title='bbox 142 1491 193 1555; x_wconf 83' lang='lat' dir='ltr'>ita</span> <span class='ocrx_word' id='word_1_101' title='bbox 209 1491 399 1571; x_wconf 88' lang='lat' dir='ltr'>evenerint,</span> <span class='ocrx_word' id='word_1_102' title='bbox 418 1491 505 1556; x_wconf 91' lang='lat' dir='ltr'>scito</span> <span class='ocrx_word' id='word_1_103' title='bbox 524 1491 617 1573; x_wconf 89' lang='lat' dir='ltr'>quod</span> <span class='ocrx_word' id='word_1_104' title='bbox 630 1511 719 1574; x_wconf 86' lang='lat' dir='ltr'>quae</span> <span class='ocrx_word' id='word_1_105' title='bbox 736 1491 908 1554; x_wconf 86' lang='lat' dir='ltr'>annuntio</span> <span class='ocrx_word' id='word_1_106' title='bbox 927 1490 1002 1555; x_wconf 92' lang='lat' dir='ltr'>sine</span> <span class='ocrx_word' id='word_1_107' title='bbox 1020 1489 1127 1555; x_wconf 91' lang='lat' dir='ltr'>dubio</span> <span class='ocrx_word' id='word_1_108' title='bbox 1139 1488 1350 1571; x_wconf 89' lang='lat' dir='ltr'>complenda</span> 
     </span>
     <span class='ocr_line' id='line_1_13' title="bbox 143 1598 256 1658; baseline 0.009 -1"><span class='ocrx_word' id='word_1_109' title='bbox 143 1598 256 1658; x_wconf 91' lang='lat' dir='ltr'>erunt.</span> 
     </span>
    </p>
   </div>
   <div class='ocr_carea' id='block_1_3' title="bbox 650 1743 835 1815">
    <p class='ocr_par' dir='ltr' id='par_1_3' title="bbox 650 1743 835 1815">
     <span class='ocr_line' id='line_1_14' title="bbox 650 1743 835 1815; baseline -0.032 0"><span class='ocrx_word' id='word_1_110' title='bbox 650 1743 770 1815; x_wconf 76' lang='lat' dir='ltr'>Onrur</span> <span class='ocrx_word' id='word_1_111' title='bbox 792 1744 835 1811; x_wconf 73' lang='lat' dir='ltr'>V.</span> 
     </span>
    </p>
   </div>
   <div class='ocr_carea' id='block_1_4' title="bbox 134 1899 1350 2805">
    <p class='ocr_par' dir='ltr' id='par_1_4' title="bbox 134 1899 1350 2805">
     <span class='ocr_line' id='line_1_15' title="bbox 230 1899 1348 1984; baseline -0.002 -19"><span class='ocrx_word' id='word_1_112' title='bbox 230 1902 238 1935; x_wconf 90' lang='lat'><strong>¹</strong></span> <span class='ocrx_word' id='word_1_113' title='bbox 256 1900 373 1983; x_wconf 91' lang='lat' dir='ltr'>Igitur</span> <span class='ocrx_word' id='word_1_114' title='bbox 397 1901 494 1965; x_wconf 86' lang='lat' dir='ltr'>iuxta</span> <span class='ocrx_word' id='word_1_115' title='bbox 514 1900 632 1983; x_wconf 86' lang='lat' dir='ltr'>angeli</span> <span class='ocrx_word' id='word_1_116' title='bbox 648 1908 874 1984; x_wconf 88' lang='lat' dir='ltr'>praeceptum</span> <span class='ocrx_word' id='word_1_117' title='bbox 895 1908 1043 1983; x_wconf 90' lang='lat' dir='ltr'>uterque</span> <span class='ocrx_word' id='word_1_118' title='bbox 1062 1900 1104 1964; x_wconf 90' lang='lat' dir='ltr'>de</span> <span class='ocrx_word' id='word_1_119' title='bbox 1120 1899 1198 1965; x_wconf 89' lang='lat' dir='ltr'>loco</span> <span class='ocrx_word' id='word_1_120' title='bbox 1220 1900 1257 1964; x_wconf 91' lang='lat' dir='ltr'>in</span> <span class='ocrx_word' id='word_1_121' title='bbox 1276 1921 1348 1982; x_wconf 91' lang='lat' dir='ltr'>quo</span> 
     </span>
     <span class='ocr_line' id='line_1_16' title="bbox 143 2001 1350 2086; baseline -0.002 -18"><span class='ocrx_word' id='word_1_122' title='bbox 143 2008 243 2068; x_wconf 86' lang='lat' dir='ltr'>erant</span> <span class='ocrx_word' id='word_1_123' title='bbox 258 2011 500 2086; x_wconf 85' lang='lat' dir='ltr'>promoventes</span> <span class='ocrx_word' id='word_1_124' title='bbox 520 2003 1001 2085; x_wconf 89' lang='lat' dir='ltr'>ascenderuntHierusalem,</span> <span class='ocrx_word' id='word_1_125' title='bbox 1023 2009 1150 2067; x_wconf 91' lang='lat' dir='ltr'>etcum</span> <span class='ocrx_word' id='word_1_126' title='bbox 1167 2001 1212 2067; x_wconf 89' lang='lat' dir='ltr'>ad</span> <span class='ocrx_word' id='word_1_127' title='bbox 1228 2002 1350 2066; x_wconf 85' lang='lat' dir='ltr'>locum</span> 
     </span>
     <span class='ocr_line' id='line_1_17' title="bbox 141 2104 1350 2190; baseline 0 -21"><span class='ocrx_word' id='word_1_128' title='bbox 141 2106 384 2188; x_wconf 86' lang='lat' dir='ltr'>pervenissent</span> <span class='ocrx_word' id='word_1_129' title='bbox 404 2106 563 2190; x_wconf 84' lang='lat' dir='ltr'>angelico</span> <span class='ocrx_word' id='word_1_130' title='bbox 585 2107 751 2172; x_wconf 84' lang='lat' dir='ltr'>vaticinio</span> <span class='ocrx_word' id='word_1_131' title='bbox 776 2107 1011 2190; x_wconf 84' lang='lat' dir='ltr'>designatum,</span> <span class='ocrx_word' id='word_1_132' title='bbox 1034 2105 1083 2169; x_wconf 90' lang='lat' dir='ltr'>ibi</span> <span class='ocrx_word' id='word_1_133' title='bbox 1106 2105 1173 2170; x_wconf 90' lang='lat' dir='ltr'>sibi</span> <span class='ocrx_word' id='word_1_134' title='bbox 1196 2104 1350 2169; x_wconf 86' lang='lat' dir='ltr'>invicem</span> 
     </span>
     <span class='ocr_line' id='line_1_18' title="bbox 141 2207 1348 2291; baseline 0.001 -18"><span class='ocrx_word' id='word_1_135' title='bbox 141 2209 377 2274; x_wconf 84' lang='lat' dir='ltr'>obviaverunt.</span> <span class='ocrx_word' id='word_1_136' title='bbox 415 2207 515 2274; x_wconf 85' lang='lat' dir='ltr'>Tunc</span> <span class='ocrx_word' id='word_1_137' title='bbox 537 2209 579 2274; x_wconf 86' lang='lat' dir='ltr'>de</span> <span class='ocrx_word' id='word_1_138' title='bbox 600 2216 722 2274; x_wconf 89' lang='lat' dir='ltr'>mutua</span> <span class='ocrx_word' id='word_1_139' title='bbox 743 2231 805 2275; x_wconf 89' lang='lat' dir='ltr'>sua</span> <span class='ocrx_word' id='word_1_140' title='bbox 825 2210 958 2274; x_wconf 85' lang='lat' dir='ltr'>visione</span> <span class='ocrx_word' id='word_1_141' title='bbox 981 2209 1066 2274; x_wconf 88' lang='lat' dir='ltr'>laeti</span> <span class='ocrx_word' id='word_1_142' title='bbox 1089 2214 1123 2272; x_wconf 87' lang='lat' dir='ltr'>et</span> <span class='ocrx_word' id='word_1_143' title='bbox 1147 2208 1348 2291; x_wconf 86' lang='lat' dir='ltr'>promissae</span> 
     </span>
     <span class='ocr_line' id='line_1_19' title="bbox 140 2310 1349 2395; baseline -0.001 -20"><span class='ocrx_word' id='word_1_144' title='bbox 140 2311 250 2395; x_wconf 90' lang='lat' dir='ltr'>prolis</span> <span class='ocrx_word' id='word_1_145' title='bbox 268 2311 481 2376; x_wconf 86' lang='lat' dir='ltr'>certitudine</span> <span class='ocrx_word' id='word_1_146' title='bbox 498 2313 615 2378; x_wconf 89' lang='lat' dir='ltr'>securi</span> <span class='ocrx_word' id='word_1_147' title='bbox 632 2312 769 2377; x_wconf 86' lang='lat' dir='ltr'>debitas</span> <span class='ocrx_word' id='word_1_148' title='bbox 787 2312 927 2376; x_wconf 90' lang='lat' dir='ltr'>domiuo</span> <span class='ocrx_word' id='word_1_149' title='bbox 950 2311 1133 2376; x_wconf 91' lang='lat' dir='ltr'>humilium</span> <span class='ocrx_word' id='word_1_150' title='bbox 1157 2310 1349 2376; x_wconf 84' lang='lat' dir='ltr'>exaltaturi</span> 
     </span>
     <span class='ocr_line' id='line_1_20' title="bbox 141 2414 1348 2498; baseline 0 -20"><span class='ocrx_word' id='word_1_151' title='bbox 141 2414 271 2496; x_wconf 81' lang='lat' dir='ltr'>gratias</span> <span class='ocrx_word' id='word_1_152' title='bbox 298 2420 454 2498; x_wconf 88' lang='lat' dir='ltr'>egerunt.</span> <span class='ocrx_word' id='word_1_153' title='bbox 501 2416 512 2449; x_wconf 88' lang='lat'><strong>¹</strong></span> <span class='ocrx_word' id='word_1_154' title='bbox 535 2415 661 2498; x_wconf 86' lang='lat' dir='ltr'>Itaque</span> <span class='ocrx_word' id='word_1_155' title='bbox 688 2415 832 2480; x_wconf 88' lang='lat' dir='ltr'>adorato</span> <span class='ocrx_word' id='word_1_156' title='bbox 860 2415 999 2480; x_wconf 92' lang='lat' dir='ltr'>domino</span> <span class='ocrx_word' id='word_1_157' title='bbox 1026 2414 1164 2479; x_wconf 88' lang='lat' dir='ltr'>domum</span> <span class='ocrx_word' id='word_1_158' title='bbox 1190 2414 1348 2497; x_wconf 89' lang='lat' dir='ltr'>regressi</span> 
     </span>
     <span class='ocr_line' id='line_1_21' title="bbox 142 2514 1347 2600; baseline -0.001 -19"><span class='ocrx_word' id='word_1_159' title='bbox 142 2516 297 2581; x_wconf 80' lang='lat' dir='ltr'>divinum</span> <span class='ocrx_word' id='word_1_160' title='bbox 318 2519 527 2600; x_wconf 86' lang='lat' dir='ltr'>promissum</span> <span class='ocrx_word' id='word_1_161' title='bbox 549 2519 636 2583; x_wconf 90' lang='lat' dir='ltr'>certi</span> <span class='ocrx_word' id='word_1_162' title='bbox 658 2524 694 2583; x_wconf 89' lang='lat' dir='ltr'>et</span> <span class='ocrx_word' id='word_1_163' title='bbox 713 2518 843 2583; x_wconf 88' lang='lat' dir='ltr'>hilares</span> <span class='ocrx_word' id='word_1_164' title='bbox 868 2517 1127 2600; x_wconf 87' lang='lat' dir='ltr'>exspectabant.</span> <span class='ocrx_word' id='word_1_165' title='bbox 1169 2514 1347 2598; x_wconf 78' lang='lat' dir='ltr'>Concepit</span> 
     </span>
     <span class='ocr_line' id='line_1_22' title="bbox 134 2617 1346 2710; baseline -0.001 -26"><span class='ocrx_word' id='word_1_166' title='bbox 134 2641 222 2710; x_wconf 84' lang='lat' dir='ltr'>¹ergo</span> <span class='ocrx_word' id='word_1_167' title='bbox 242 2617 350 2685; x_wconf 88' lang='lat' dir='ltr'>Anna</span> <span class='ocrx_word' id='word_1_168' title='bbox 371 2627 407 2685; x_wconf 89' lang='lat' dir='ltr'>et</span> <span class='ocrx_word' id='word_1_169' title='bbox 427 2622 566 2704; x_wconf 88' lang='lat' dir='ltr'>peperit</span> <span class='ocrx_word' id='word_1_170' title='bbox 591 2621 712 2703; x_wconf 86' lang='lat' dir='ltr'>filiam,</span> <span class='ocrx_word' id='word_1_171' title='bbox 739 2628 774 2685; x_wconf 91' lang='lat' dir='ltr'>et</span> <span class='ocrx_word' id='word_1_172' title='bbox 799 2622 896 2685; x_wconf 84' lang='lat' dir='ltr'>iuxta</span> <span class='ocrx_word' id='word_1_173' title='bbox 917 2619 1118 2685; x_wconf 86' lang='lat' dir='ltr'>mandatum</span> <span class='ocrx_word' id='word_1_174' title='bbox 1142 2620 1346 2703; x_wconf 86' lang='lat' dir='ltr'>angelicum</span> 
     </span>
     <span class='ocr_line' id='line_1_23' title="bbox 138 2724 903 2805; baseline 0.001 -19"><span class='ocrx_word' id='word_1_175' title='bbox 138 2728 303 2805; x_wconf 89' lang='lat' dir='ltr'>parentes</span> <span class='ocrx_word' id='word_1_176' title='bbox 319 2724 492 2789; x_wconf 82' lang='lat' dir='ltr'>vocabant</span> <span class='ocrx_word' id='word_1_177' title='bbox 508 2746 633 2790; x_wconf 92' lang='lat' dir='ltr'>nomen</span> <span class='ocrx_word' id='word_1_178' title='bbox 651 2725 727 2790; x_wconf 90' lang='lat' dir='ltr'>eius</span> <span class='ocrx_word' id='word_1_179' title='bbox 744 2724 903 2790; x_wconf 88' lang='lat' dir='ltr'>Mariam.</span> 
     </span>
    </p>
   </div>
   <div class='ocr_carea' id='block_1_5' title="bbox 635 2928 842 2996">
    <p class='ocr_par' dir='ltr' id='par_1_5' title="bbox 635 2928 842 2996">
     <span class='ocr_line' id='line_1_24' title="bbox 635 2928 842 2996; baseline -0.014 0"><span class='ocrx_word' id='word_1_180' title='bbox 635 2928 756 2996; x_wconf 66' lang='lat' dir='ltr'>Ocnos</span> <span class='ocrx_word' id='word_1_181' title='bbox 779 2929 842 2996; x_wconf 85' lang='lat' dir='ltr'>VI.</span> 
     </span>
    </p>
   </div>
   <div class='ocr_carea' id='block_1_6' title="bbox 139 3079 1343 3476">
    <p class='ocr_par' dir='ltr' id='par_1_6' title="bbox 139 3079 1343 3476">
     <span class='ocr_line' id='line_1_25' title="bbox 227 3079 1343 3166; baseline 0.001 -20"><span class='ocrx_word' id='word_1_182' title='bbox 227 3083 238 3120; x_wconf 86' lang='lat'>¹</span> <span class='ocrx_word' id='word_1_183' title='bbox 255 3079 412 3166; x_wconf 79' lang='lat' dir='ltr'>Cumque</span> <span class='ocrx_word' id='word_1_184' title='bbox 434 3084 539 3148; x_wconf 91' lang='lat' dir='ltr'>trium</span> <span class='ocrx_word' id='word_1_185' title='bbox 561 3104 730 3149; x_wconf 87' lang='lat' dir='ltr'>annorum</span> <span class='ocrx_word' id='word_1_186' title='bbox 749 3083 900 3148; x_wconf 89' lang='lat' dir='ltr'>circulus</span> <span class='ocrx_word' id='word_1_187' title='bbox 917 3083 1113 3147; x_wconf 77' lang='lat' dir='ltr'>volveretur</span> <span class='ocrx_word' id='word_1_188' title='bbox 1133 3089 1168 3146; x_wconf 92' lang='lat' dir='ltr'>et</span> <span class='ocrx_word' id='word_1_189' title='bbox 1190 3081 1343 3147; x_wconf 85' lang='lat' dir='ltr'>ablacta-</span> 
     </span>
     <span class='ocr_line' id='line_1_26' title="bbox 142 3185 1342 3270; baseline 0 -20"><span class='ocrx_word' id='word_1_190' title='bbox 142 3185 248 3250; x_wconf 91' lang='lat' dir='ltr'>tionis</span> <span class='ocrx_word' id='word_1_191' title='bbox 265 3192 402 3269; x_wconf 89' lang='lat' dir='ltr'>tempus</span> <span class='ocrx_word' id='word_1_192' title='bbox 420 3187 629 3270; x_wconf 90' lang='lat' dir='ltr'>completum</span> <span class='ocrx_word' id='word_1_193' title='bbox 649 3194 758 3268; x_wconf 89' lang='lat' dir='ltr'>esset,</span> <span class='ocrx_word' id='word_1_194' title='bbox 780 3186 824 3251; x_wconf 85' lang='lat' dir='ltr'>ad</span> <span class='ocrx_word' id='word_1_195' title='bbox 840 3186 1007 3270; x_wconf 89' lang='lat' dir='ltr'>templum</span> <span class='ocrx_word' id='word_1_196' title='bbox 1025 3185 1156 3250; x_wconf 85' lang='lat' dir='ltr'>domini</span> <span class='ocrx_word' id='word_1_197' title='bbox 1172 3186 1342 3267; x_wconf 77' lang='lat' dir='ltr'>virginem</span> 
     </span>
     <span class='ocr_line' id='line_1_27' title="bbox 142 3286 1341 3371; baseline 0.001 -20"><span class='ocrx_word' id='word_1_198' title='bbox 142 3309 218 3352; x_wconf 92' lang='lat' dir='ltr'>cum</span> <span class='ocrx_word' id='word_1_199' title='bbox 245 3288 483 3355; x_wconf 91' lang='lat' dir='ltr'>oblationibus</span> <span class='ocrx_word' id='word_1_200' title='bbox 508 3289 740 3355; x_wconf 85' lang='lat' dir='ltr'>adduxerunt.</span> <span class='ocrx_word' id='word_1_201' title='bbox 785 3289 898 3353; x_wconf 85' lang='lat' dir='ltr'>Erant</span> <span class='ocrx_word' id='word_1_202' title='bbox 922 3293 1038 3352; x_wconf 87' lang='lat' dir='ltr'>autem</span> <span class='ocrx_word' id='word_1_203' title='bbox 1060 3288 1152 3352; x_wconf 89' lang='lat' dir='ltr'>circa</span> <span class='ocrx_word' id='word_1_204' title='bbox 1173 3286 1341 3371; x_wconf 89' lang='lat' dir='ltr'>templum</span> 
     </span>
     <span class='ocr_line' id='line_1_28' title="bbox 139 3389 1343 3476; baseline 0.001 -22"><span class='ocrx_word' id='word_1_205' title='bbox 139 3391 235 3454; x_wconf 85' lang='lat' dir='ltr'>iuxta</span> <span class='ocrx_word' id='word_1_206' title='bbox 246 3391 447 3473; x_wconf 88' lang='lat' dir='ltr'>quindecim</span> <span class='ocrx_word' id='word_1_207' title='bbox 464 3392 632 3476; x_wconf 89' lang='lat' dir='ltr'>graduum</span> <span class='ocrx_word' id='word_1_208' title='bbox 651 3390 1016 3475; x_wconf 87' lang='lat' dir='ltr'>psalmosquindecim</span> <span class='ocrx_word' id='word_1_209' title='bbox 1033 3389 1252 3455; x_wconf 85' lang='lat' dir='ltr'>ascensionis</span> <span class='ocrx_word' id='word_1_210' title='bbox 1269 3411 1343 3474; x_wconf 85' lang='lat' dir='ltr'>gru·</span> 
     </span>
    </p>
   </div>
   <div class='ocr_carea' id='block_1_7' title="bbox 137 3599 1346 4525">
    <p class='ocr_par' dir='ltr' id='par_1_7' title="bbox 139 3599 1344 3737">
     <span class='ocr_line' id='line_1_29' title="bbox 140 3599 1344 3666; baseline 0.001 -17"><span class='ocrx_word' id='word_1_211' title='bbox 140 3601 208 3660; x_wconf 71' lang='lat' dir='ltr'>Per,</span> <span class='ocrx_word' id='word_1_212' title='bbox 227 3601 303 3651; x_wconf 75' lang='lat' dir='ltr'>l&#39;ebr.</span> <span class='ocrx_word' id='word_1_213' title='bbox 318 3606 346 3651; x_wconf 87' lang='lat' dir='ltr'>et</span> <span class='ocrx_word' id='word_1_214' title='bbox 358 3602 429 3652; x_wconf 86' lang='lat' dir='ltr'>Thil.</span> <span class='ocrx_word' id='word_1_215' title='bbox 442 3617 494 3651; x_wconf 79' lang='lat' dir='ltr'>esee</span> <span class='ocrx_word' id='word_1_216' title='bbox 505 3606 579 3664; x_wconf 73' lang='lat' dir='ltr'>putee</span> <span class='ocrx_word' id='word_1_217' title='bbox 597 3599 601 3666; x_wconf 76' lang='lat' dir='ltr'>l</span> <span class='ocrx_word' id='word_1_218' title='bbox 620 3607 693 3652; x_wconf 69' lang='lat' dir='ltr'>nocte</span> <span class='ocrx_word' id='word_1_219' title='bbox 705 3619 736 3650; x_wconf 85' lang='lat' dir='ltr'>ac</span> <span class='ocrx_word' id='word_1_220' title='bbox 747 3602 803 3650; x_wconf 82' lang='lat' dir='ltr'>die:</span> <span class='ocrx_word' id='word_1_221' title='bbox 823 3600 880 3650; x_wconf 78' lang='lat' dir='ltr'>Pur.</span> <span class='ocrx_word' id='word_1_222' title='bbox 893 3601 1078 3665; x_wconf 74' lang='lat' dir='ltr'>dissertaque,</span> <span class='ocrx_word' id='word_1_223' title='bbox 1097 3604 1193 3664; x_wconf 79' lang='lat' dir='ltr'>postea</span> <span class='ocrx_word' id='word_1_224' title='bbox 1213 3599 1344 3650; x_wconf 67' lang='lat' dir='ltr'>cinisem</span> 
     </span>
     <span class='ocr_line' id='line_1_30' title="bbox 139 3687 383 3737; baseline -0.008 -2"><span class='ocrx_word' id='word_1_225' title='bbox 139 3687 222 3736; x_wconf 83' lang='lat' dir='ltr'>habet</span> <span class='ocrx_word' id='word_1_226' title='bbox 235 3691 264 3737; x_wconf 88' lang='lat' dir='ltr'>et</span> <span class='ocrx_word' id='word_1_227' title='bbox 276 3688 319 3736; x_wconf 79' lang='lat' dir='ltr'>red</span> <span class='ocrx_word' id='word_1_228' title='bbox 333 3703 383 3737; x_wconf 88' lang='lat' dir='ltr'>om.</span> 
     </span>
    </p>

    <p class='ocr_par' dir='ltr' id='par_1_8' title="bbox 138 3771 1343 3909">
     <span class='ocr_line' id='line_1_31' title="bbox 206 3771 1343 3838; baseline 0.001 -17"><span class='ocrx_word' id='word_1_229' title='bbox 206 3775 230 3823; x_wconf 80' lang='lat'>2.</span> <span class='ocrx_word' id='word_1_230' title='bbox 250 3771 290 3821; x_wconf 83' lang='lat' dir='ltr'>cf.</span> <span class='ocrx_word' id='word_1_231' title='bbox 303 3773 345 3821; x_wconf 77' lang='lat' dir='ltr'>Pe.</span> <span class='ocrx_word' id='word_1_232' title='bbox 359 3773 457 3822; x_wconf 73' lang='lat' dir='ltr'>March.</span> <span class='ocrx_word' id='word_1_233' title='bbox 471 3772 522 3831; x_wconf 89' lang='lat'>111,</span> <span class='ocrx_word' id='word_1_234' title='bbox 536 3773 560 3823; x_wconf 80' lang='lat'>5.</span> <span class='ocrx_word' id='word_1_235' title='bbox 580 3771 583 3838; x_wconf 75' lang='lat' dir='ltr'>l</span> <span class='ocrx_word' id='word_1_236' title='bbox 603 3773 664 3823; x_wconf 80' lang='lat' dir='ltr'>Par.</span> <span class='ocrx_word' id='word_1_237' title='bbox 677 3788 727 3823; x_wconf 88' lang='lat' dir='ltr'>om.</span> <span class='ocrx_word' id='word_1_238' title='bbox 742 3789 793 3836; x_wconf 83' lang='lat' dir='ltr'>pro</span> <span class='ocrx_word' id='word_1_239' title='bbox 812 3774 816 3838; x_wconf 73' lang='lat' dir='ltr'>l</span> <span class='ocrx_word' id='word_1_240' title='bbox 835 3773 945 3823; x_wconf 81' lang='lat' dir='ltr'>obuium:</span> <span class='ocrx_word' id='word_1_241' title='bbox 964 3772 1023 3822; x_wconf 85' lang='lat' dir='ltr'>Par.</span> <span class='ocrx_word' id='word_1_242' title='bbox 1036 3774 1133 3823; x_wconf 78' lang='lat' dir='ltr'>obviam</span> <span class='ocrx_word' id='word_1_243' title='bbox 1152 3771 1155 3838; x_wconf 92' lang='grc' dir='ltr'><strong>Ι</strong></span> <span class='ocrx_word' id='word_1_244' title='bbox 1175 3773 1343 3836; x_wconf 71' lang='lat' dir='ltr'>complenda:</span> 
     </span>
     <span class='ocr_line' id='line_1_32' title="bbox 138 3859 344 3909; baseline 0.005 -2"><span class='ocrx_word' id='word_1_245' title='bbox 138 3859 177 3908; x_wconf 78' lang='lat' dir='ltr'>ite</span> <span class='ocrx_word' id='word_1_246' title='bbox 189 3859 271 3908; x_wconf 79' lang='lat' dir='ltr'>etiem</span> <span class='ocrx_word' id='word_1_247' title='bbox 283 3859 344 3909; x_wconf 80' lang='lat' dir='ltr'>Par.</span> 
     </span>
    </p>

    <p class='ocr_par' dir='ltr' id='par_1_9' title="bbox 138 3940 1344 4095">
     <span class='ocr_line' id='line_1_33' title="bbox 207 3940 1344 4013; baseline 0.003 -21"><span class='ocrx_word' id='word_1_248' title='bbox 207 3944 239 4002; x_wconf 88' lang='lat' dir='ltr'>V,</span> <span class='ocrx_word' id='word_1_249' title='bbox 260 3946 282 3993; x_wconf 92' lang='lat'>1.</span> <span class='ocrx_word' id='word_1_250' title='bbox 308 3945 408 4009; x_wconf 65' lang='lat' dir='ltr'>angeli:</span> <span class='ocrx_word' id='word_1_251' title='bbox 432 3944 491 3994; x_wconf 80' lang='lat' dir='ltr'>Pur.</span> <span class='ocrx_word' id='word_1_252' title='bbox 510 3940 673 4008; x_wconf 66' lang='lat' dir='ltr'>angelicum!</span> <span class='ocrx_word' id='word_1_253' title='bbox 695 3944 753 3994; x_wconf 79' lang='lat' dir='ltr'>Par.</span> <span class='ocrx_word' id='word_1_254' title='bbox 771 3944 942 3995; x_wconf 68' lang='lat' dir='ltr'>Hierusalem.</span> <span class='ocrx_word' id='word_1_255' title='bbox 969 3945 1028 3993; x_wconf 82' lang='lat' dir='ltr'>Oum</span> <span class='ocrx_word' id='word_1_256' title='bbox 1046 3945 1080 3993; x_wconf 78' lang='lat' dir='ltr'>ad</span> <span class='ocrx_word' id='word_1_257' title='bbox 1098 3943 1179 3994; x_wconf 67' lang='lat' dir='ltr'>hrum</span> <span class='ocrx_word' id='word_1_258' title='bbox 1197 3946 1326 3995; x_wconf 68' lang='lat' dir='ltr'>emicem</span> <span class='ocrx_word' id='word_1_259' title='bbox 1338 3947 1344 4013; x_wconf 71' lang='lat' dir='ltr'>l</span> 
     </span>
     <span class='ocr_line' id='line_1_34' title="bbox 138 4028 698 4095; baseline 0.007 -19"><span class='ocrx_word' id='word_1_260' title='bbox 138 4028 196 4079; x_wconf 79' lang='lat' dir='ltr'>Par.</span> <span class='ocrx_word' id='word_1_261' title='bbox 209 4033 235 4078; x_wconf 79' lang='lat' dir='ltr'>et</span> <span class='ocrx_word' id='word_1_262' title='bbox 247 4031 278 4077; x_wconf 85' lang='lat' dir='ltr'>de</span> <span class='ocrx_word' id='word_1_263' title='bbox 286 4031 429 4092; x_wconf 72' lang='lat' dir='ltr'>promiscae</span> <span class='ocrx_word' id='word_1_264' title='bbox 443 4029 447 4095; x_wconf 90' lang='grc' dir='ltr'><strong>Ι</strong></span> <span class='ocrx_word' id='word_1_265' title='bbox 463 4030 521 4080; x_wconf 80' lang='lat' dir='ltr'>Pur.</span> <span class='ocrx_word' id='word_1_266' title='bbox 534 4046 585 4080; x_wconf 90' lang='lat' dir='ltr'>om.</span> <span class='ocrx_word' id='word_1_267' title='bbox 598 4031 698 4080; x_wconf 75' lang='lat' dir='ltr'>debitae</span> 
     </span>
    </p>

    <p class='ocr_par' dir='ltr' id='par_1_10' title="bbox 137 4113 1345 4251">
     <span class='ocr_line' id='line_1_35' title="bbox 206 4113 1345 4182; baseline 0.003 -19"><span class='ocrx_word' id='word_1_268' title='bbox 206 4117 230 4163; x_wconf 84' lang='grc'>2.</span> <span class='ocrx_word' id='word_1_269' title='bbox 250 4113 290 4165; x_wconf 83' lang='lat' dir='ltr'>Cf.</span> <span class='ocrx_word' id='word_1_270' title='bbox 308 4116 342 4165; x_wconf 83' lang='lat' dir='ltr'>ad</span> <span class='ocrx_word' id='word_1_271' title='bbox 356 4116 422 4166; x_wconf 78' lang='lat' dir='ltr'>haec</span> <span class='ocrx_word' id='word_1_272' title='bbox 435 4117 477 4166; x_wconf 79' lang='lat' dir='ltr'>Pe.</span> <span class='ocrx_word' id='word_1_273' title='bbox 491 4117 590 4167; x_wconf 76' lang='lat' dir='ltr'>Metth.</span> <span class='ocrx_word' id='word_1_274' title='bbox 603 4116 658 4177; x_wconf 86' lang='grc' dir='ltr'><strong>ΙΙΙ,</strong></span> <span class='ocrx_word' id='word_1_275' title='bbox 676 4116 700 4166; x_wconf 80' lang='lat'>5.</span> <span class='ocrx_word' id='word_1_276' title='bbox 721 4114 725 4182; x_wconf 73' lang='lat' dir='ltr'>l</span> <span class='ocrx_word' id='word_1_277' title='bbox 744 4118 856 4166; x_wconf 78' lang='lat' dir='ltr'>divinum</span> <span class='ocrx_word' id='word_1_278' title='bbox 867 4117 1031 4179; x_wconf 74' lang='lat' dir='ltr'>promiscum.-</span> <span class='ocrx_word' id='word_1_279' title='bbox 1049 4116 1107 4167; x_wconf 78' lang='lat' dir='ltr'>Par.</span> <span class='ocrx_word' id='word_1_280' title='bbox 1121 4131 1187 4177; x_wconf 81' lang='lat' dir='ltr'>om..</span> <span class='ocrx_word' id='word_1_281' title='bbox 1204 4116 1273 4167; x_wconf 86' lang='lat' dir='ltr'>item</span> <span class='ocrx_word' id='word_1_282' title='bbox 1292 4132 1345 4168; x_wconf 88' lang='lat' dir='ltr'>om.</span> 
     </span>
     <span class='ocr_line' id='line_1_36' title="bbox 137 4202 292 4251; baseline 0.019 -3"><span class='ocrx_word' id='word_1_283' title='bbox 137 4202 292 4251; x_wconf 67' lang='lat' dir='ltr'>comeretur</span> 
     </span>
    </p>

    <p class='ocr_par' dir='ltr' id='par_1_11' title="bbox 138 4286 1345 4423">
     <span class='ocr_line' id='line_1_37' title="bbox 207 4286 1345 4352; baseline 0.003 -16"><span class='ocrx_word' id='word_1_284' title='bbox 207 4286 252 4346; x_wconf 88' lang='lat' dir='ltr'>Vl,</span> <span class='ocrx_word' id='word_1_285' title='bbox 267 4289 281 4336; x_wconf 90' lang='lat'>1</span> <span class='ocrx_word' id='word_1_286' title='bbox 295 4296 323 4337; x_wconf 86' lang='lat' dir='ltr'>et</span> <span class='ocrx_word' id='word_1_287' title='bbox 335 4289 360 4336; x_wconf 76' lang='grc'>2.</span> <span class='ocrx_word' id='word_1_288' title='bbox 379 4286 420 4336; x_wconf 82' lang='lat' dir='ltr'>cf.</span> <span class='ocrx_word' id='word_1_289' title='bbox 431 4287 474 4337; x_wconf 86' lang='grc' dir='ltr'>Ρι.</span> <span class='ocrx_word' id='word_1_290' title='bbox 484 4289 583 4338; x_wconf 81' lang='lat' dir='ltr'>Motth.</span> <span class='ocrx_word' id='word_1_291' title='bbox 595 4288 642 4339; x_wconf 87' lang='lat' dir='ltr'>IV.</span> <span class='ocrx_word' id='word_1_292' title='bbox 655 4289 820 4352; x_wconf 75' lang='lat' dir='ltr'>meximeque</span> <span class='ocrx_word' id='word_1_293' title='bbox 834 4288 892 4338; x_wconf 84' lang='lat' dir='ltr'>cod.</span> <span class='ocrx_word' id='word_1_294' title='bbox 903 4289 987 4346; x_wconf 72' lang='lat' dir='ltr'>Amb„</span> <span class='ocrx_word' id='word_1_295' title='bbox 1000 4288 1046 4337; x_wconf 91' lang='lat' dir='ltr'>ubi</span> <span class='ocrx_word' id='word_1_296' title='bbox 1056 4290 1133 4352; x_wconf 78' lang='lat' dir='ltr'>plura</span> <span class='ocrx_word' id='word_1_297' title='bbox 1145 4292 1345 4339; x_wconf 71' lang='lat' dir='ltr'>scrutatorum</span> 
     </span>
     <span class='ocr_line' id='line_1_38' title="bbox 138 4371 370 4423; baseline 0.009 -3"><span class='ocrx_word' id='word_1_298' title='bbox 138 4371 180 4421; x_wconf 86' lang='lat' dir='ltr'>his</span> <span class='ocrx_word' id='word_1_299' title='bbox 196 4373 370 4423; x_wconf 82' lang='lat' dir='ltr'>conveniunt</span> 
     </span>
    </p>

    <p class='ocr_par' dir='ltr' id='par_1_12' title="bbox 207 4457 1346 4525">
     <span class='ocr_line' id='line_1_39' title="bbox 207 4457 1346 4525; baseline 0.003 -17"><span class='ocrx_word' id='word_1_300' title='bbox 207 4461 230 4509; x_wconf 92' lang='lat'>1.</span> <span class='ocrx_word' id='word_1_301' title='bbox 250 4459 308 4509; x_wconf 80' lang='lat' dir='ltr'>Par.</span> <span class='ocrx_word' id='word_1_302' title='bbox 325 4459 483 4510; x_wconf 69' lang='lat' dir='ltr'>evolvantur</span> <span class='ocrx_word' id='word_1_303' title='bbox 502 4459 506 4525; x_wconf 71' lang='grc' dir='ltr'>ξ</span> <span class='ocrx_word' id='word_1_304' title='bbox 525 4460 586 4512; x_wconf 78' lang='lat' dir='ltr'>Per.</span> <span class='ocrx_word' id='word_1_305' title='bbox 598 4462 671 4511; x_wconf 76' lang='lat' dir='ltr'>Erat</span> <span class='ocrx_word' id='word_1_306' title='bbox 687 4464 770 4512; x_wconf 74' lang='lat' dir='ltr'>aetem</span> <span class='ocrx_word' id='word_1_307' title='bbox 780 4477 834 4511; x_wconf 77' lang='lat' dir='ltr'>mor</span> <span class='ocrx_word' id='word_1_308' title='bbox 846 4462 917 4511; x_wconf 78' lang='lat' dir='ltr'>eirca</span> <span class='ocrx_word' id='word_1_309' title='bbox 929 4458 1048 4523; x_wconf 77' lang='lat' dir='ltr'>ternplum</span> <span class='ocrx_word' id='word_1_310' title='bbox 1060 4457 1203 4523; x_wconf 72' lang='lat' dir='ltr'>quindecim</span> <span class='ocrx_word' id='word_1_311' title='bbox 1212 4460 1346 4523; x_wconf 71' lang='lat' dir='ltr'>graduum</span> 
     </span>
    </p>
   </div>
   <div class='ocr_carea' id='block_1_8' title="bbox 0 0 1486 4912">
    <p class='ocr_par' dir='ltr' id='par_1_13' title="bbox 0 0 1486 4912">
     <span class='ocr_line' id='line_1_40' title="bbox 0 0 1486 4912; baseline 0 1"><span class='ocrx_word' id='word_1_312' title='bbox 0 0 1486 4912; x_wconf 95' lang='lat' dir='ltr'> </span> 
     </span>
    </p>
   </div>
  </div>
 </body>
</html>
