2962 4912
433 1114 682 1189 GESTA
735 1112 1054 1188 PILATF
1209 1117 1218 1151 ⁸

239 1385 315 1469 Ego
337 1383 471 1449 Aenios
491 1391 669 1469 protector
694 1405 786 1450 erum
812 1384 907 1468 prius
929 1384 1115 1451 Hebraeus
1133 1391 1169 1451 et
1189 1394 1344 1452 sectator

147 1489 252 1572 legis3
274 1487 335 1552 sed
352 1488 465 1570 gretie
481 1487 662 1552 salvatoris
680 1488 825 1552 maximo
842 1509 903 1571 pro
921 1486 1010 1552 douo
1028 1508 1080 1552 me
1102 1489 1341 1573 apprehendit,

148 1592 296 1677 cognovi
313 1589 488 1656 Christum
505 1590 622 1655 Iesum
644 1591 680 1655 in
698 1610 796 1655 secra
812 1591 983 1674 scripture
1004 1595 1040 1654 et
1055 1593 1188 1657 accessi
1204 1593 1247 1658 ad
1264 1615 1342 1659 eum

147 1696 190 1762 ad
214 1693 427 1761 credendum
444 1695 491 1775 ei,
514 1700 553 1759 ut
568 1693 695 1777 diguus
716 1694 833 1759 fierem
854 1700 974 1759 sancto
996 1693 1215 1778 baptismate.
1247 1693 1342 1761 Ante

147 1800 264 1864 omnia
280 1799 435 1881 quaesivi
456 1797 720 1880 hypomnemeta
736 1817 824 1879 quae
843 1796 1003 1862 coniectu
1019 1802 1101 1862 sunt
1121 1797 1193 1861 illis
1214 1804 1344 1882 tempo·

148 1901 245 1966 ribus
263 1901 305 1966 de
323 1900 461 1965 domino
480 1904 600 1964 nostro
617 1898 698 1964 Iesu
711 1897 849 1965 (lhrieto
867 1905 902 1964 et
918 1920 1006 1984 quae
1016 1900 1142 1965 Iudaei
1156 1900 1344 1983 vulgarunt

148 2003 210 2068 sub
222 2003 351 2068 Pontio
361 2002 489 2067 Pilato.
513 2000 917 2085 Haeclinguahebraice
933 2004 1063 2087 scripte
1077 2002 1342 2069 invenivolente

215 2178 226 2200 ⁸
239 2180 373 2242 Antiquos
391 2177 434 2226 bic
447 2177 510 2226 libri
522 2177 620 2227 titulus
633 2176 770 2226 desumtue
784 2183 826 2227 eet
845 2193 876 2226 ex
895 2177 1027 2242 Gregor.
1046 2178 1130 2227 Tuto
1139 2195 1165 2228 n.
1183 2179 1248 2229 hist.
1261 2177 1342 2229 Fron·

147 2281 198 2314 cor.
212 2264 239 2323 1,
258 2264 318 2313 xxl
336 2267 364 2313 et
381 2261 474 2313 XXIV.
503 2261 546 2328 bd
564 2277 621 2312 eum
640 2263 758 2327 proxime
777 2263 882 2313 secedit
894 2263 996 2327 Coptos
1010 2264 1187 2313 Commentarii
1203 2264 1344 2313 calcatorie

146 2351 287 2415 conscripti
298 2350 342 2400 rub
353 2349 446 2398 Pontio
458 2347 547 2397 Pilato
556 2348 685 2410 praecide.
709 2349 802 2397 Ambe:
818 2349 917 2412 Incipit
925 2352 999 2412 penta
1010 2349 1150 2398 calcatorio
1161 2366 1235 2413 quam
1247 2350 1343 2399 incenit

144 2436 302 2486 ssecdoeiue
313 2435 426 2498 Mapnue
442 2435 467 2482 in
480 2434 614 2496 praetorio
626 2435 715 2483 Pontii
726 2434 811 2483 Pilati
827 2436 853 2482 in
870 2434 995 2484 codicibus
1008 2434 1127 2498 publicis.
1153 2433 1222 2484 Item
1234 2428 1282 2482 cl:
1308 2436 1341 2484 In

140 2524 244 2572 nomine
256 2527 359 2572 canetae
371 2520 499 2568 trinitatis
516 2504 584 2581 incip
597 2519 764 2584 (incipiunti
778 2521 876 2584 incipit
882 2519 905 2582 i)
916 2524 990 2583 penta
1002 2519 1141 2569 calcatorio
1152 2521 1247 2569 domini
1258 2521 1342 2570 nostri

132 2608 204 2678 *Im
218 2608 322 2666 Christi,
340 2608 442 2656 incenia
456 2605 594 2655 Pbeodoeio
606 2605 703 2669 Mapno
715 2607 869 2671 imperatore
881 2607 908 2655 in
920 2605 1061 2655 Ierusalem
1072 2606 1100 2654 in
1108 2607 1242 2669 praetorio
1255 2606 1343 2655 Pontii

136 2694 230 2743 Pilati
242 2694 269 2741 in
281 2692 406 2742 codicibus
415 2691 533 2755 publicis.
558 2690 627 2740 Item
640 2690 673 2739 o*
685 2692 754 2741 libro
767 2692 946 2756 subscriptum
959 2691 1056 2741 hebet:
1080 2692 1113 2740 In
1124 2693 1222 2740 nomine
1234 2696 1339 2740 canetae

138 2778 275 2828 trinitatis
291 2777 432 2840 expliciunt
441 2781 515 2839 pecta
523 2792 573 2838 per
584 2776 737 2826 calcatorem
750 2777 832 2826 lecum
845 2776 984 2836 Otrietum,
1002 2793 1066 2842 quae
1077 2778 1173 2826 incenit
1187 2777 1340 2827 Pbeodoeiue

136 2865 258 2927 Μαρια,
275 2864 414 2926 imperator
434 2863 461 2909 in
479 2861 619 2911 Iemnealem
640 2862 666 2909 in
679 2864 813 2926 praetorio
829 2863 917 2912 Pontii
933 2863 1018 2913 Pilati
1034 2862 1061 2912 in
1078 2863 1151 2912 codd.
1168 2862 1239 2927 publ.
1276 2862 1340 2911 cod.

140 2949 308 3014 Sigmering.
322 2947 401 3009 (seec-
416 2946 494 3008 12?):
519 2947 551 2995 In
563 2948 660 2995 nomine
676 2953 762 2997 nancte
779 2949 906 2998 trinitatis
921 2949 1048 3012 incipiunt
1061 2952 1135 3012 pecta
1147 2948 1287 2998 salvatoris
1298 2949 1341 2997 do·

142 3037 209 3083 mini
221 3035 271 3084 Iee.
287 3035 391 3090 Cbrieti,
408 3051 472 3098 quac
484 3035 580 3083 incenit
594 3034 747 3083 lbeodoeiui
757 3033 869 3097 Mapnue
880 3035 1020 3096 inperator
1032 3036 1057 3083 in
1070 3034 1234 3083 Hierusalem
1245 3035 1272 3083 in
1281 3050 1341 3098 pre·

142 3120 311 3170 tenidPilati
328 3122 355 3168 in
372 3120 498 3168 codicibus
511 3120 623 3183 publicis
638 3120 665 3168 in
683 3135 749 3168 anno
763 3135 827 3168 nono
840 3120 944 3169 decime.
970 3118 1035 3169 (lod.
1046 3120 1106 3170 Pur.
1119 3120 1187 3169 5559
1199 3135 1231 3168 e:
1255 3121 1287 3169 In
1299 3136 1341 3168 no·

141 3208 210 3256 mine
228 3207 270 3255 dei
287 3209 375 3255 cummi
391 3207 515 3268 incipiunt
530 3211 604 3269 penta
620 3205 760 3255 calcatorio
777 3207 872 3255 domini
887 3208 969 3256 nostri
986 3207 1035 3255 Iee.
1056 3206 1164 3264 Obrirti,
1182 3223 1228 3270 quc
1246 3206 1342 3254 incenit

145 3288 304 3343 Ilieodaeiue
315 3293 427 3356 Mapnue
440 3292 578 3353 imperator
595 3293 622 3340 in
633 3291 773 3341 Ierusalem
791 3293 817 3340 in
826 3293 961 3356 praetorio
972 3292 1061 3340 Pontii
1073 3292 1157 3340 Pilati
1174 3292 1201 3339 in
1214 3291 1341 3339 codicibus

141 3377 261 3442 publicis.
296 3377 428 3426 Similiter
444 3377 490 3426 ulii
510 3382 552 3426 set
568 3378 655 3427 multi.
692 3378 760 3427 Item
778 3378 806 3426 in
826 3377 945 3425 editione
963 3377 1160 3439 Antwerpiensi
1178 3377 1340 3425 cnni1538:

146 3459 231 3512 Gesta
242 3462 382 3511 calcatorio
393 3464 476 3511 nemci
487 3463 545 3511 Ieeu
560 3463 653 3512 Olrirti
669 3448 801 3512 coeundum
814 3464 987 3521 Nicodemum,
1005 3479 1068 3527 quae
1081 3463 1176 3510 incenit
1190 3461 1342 3510 Plecdoeiun

144 3547 258 3611 Mapnuc
274 3548 300 3595 in
314 3549 449 3612 praetorio
461 3549 550 3597 Pontii
560 3548 652 3597 Pilati.
677 3547 831 3611 (Praeterea
841 3549 961 3597 additum
982 3553 1024 3597 est
1041 3563 1072 3596 ec
1090 3547 1198 3595 bebraea
1211 3547 1298 3610 linpua
1315 3547 1341 3594 in

146 3633 254 3682 latinam
266 3633 416 3696 translata.)
430 3669 435 3681 .
450 3670 456 3682 .
474 3648 491 3682 ι
505 3636 601 3697 Incipit
611 3635 766 3700 ecanpelium
779 3636 978 3684 Nazaraeorum.
1003 3634 1123 3684 Eundem
1135 3634 1245 3682 titulum
1258 3632 1342 3681 hebet

145 3718 229 3769 Puris.
248 3719 306 3768 cod.
324 3723 399 3769 3338.
418 3720 671 3783 (ariminiense.)
695 3721 764 3771 Item
784 3720 895 3770 cod.13.
914 3720 1096 3770 bibliothecae
1116 3718 1224 3782 collegii
1242 3718 1341 3766 Metto·

147 3806 239 3854 nensis
252 3805 407 3868 enanpelium
421 3806 611 3854 Nazaraeos-um
623 3807 755 3855 secundum
768 3807 935 3856 Nicodemum.
955 3806 1054 3855 Eodem
1068 3806 1149 3855 titulo
1163 3804 1250 3854 utitur
1262 3803 1340 3852 Vin·

149 3895 236 3940 cent.
257 3891 425 3940 Bellovec.
444 3892 472 3941 in
489 3894 601 3957 prologo
618 3892 652 3941 ed
671 3891 813 3956 Speculum
831 3895 954 3943 naturale
973 3909 995 3943 c.
1008 3894 1047 3951 9.,
1065 3891 1109 3941 ubi
1127 3896 1183 3940 est:
1212 3890 1342 3951 Quaedam

146 3980 301 4039 reputantur
313 3979 457 4041 apocrypba
475 4002 483 4012 ·
502 3978 561 4041 quia
579 3983 696 4026 auctores
711 3995 794 4027 earum
807 3981 959 4042 ignorantur
971 3979 1031 4028 licet
1038 3993 1132 4042 puram
1144 3978 1275 4026 ceritatem
1284 3991 1341 4024 con·

146 4064 251 4120 lineant,
268 4067 297 4110 ut
309 4066 347 4110 eit
358 4062 512 4125 ecanpelium
525 4063 715 4112 Nazaraeorum
725 4100 749 4114 ..
773 4078 805 4112 1³:
823 4066 864 4114 De
872 4066 992 4128 paccione
1004 4069 1029 4113 et
1040 4064 1224 4113 resurrectione
1239 4060 1340 4109 Olrinti.

144 4147 212 4198 ltom
234 4136 294 4198 D‘2'
306 4150 375 4196 Acta
389 4148 519 4212 paccionis
535 4153 560 4196 et
576 4150 770 4199 rerurrectionis
785 4151 881 4199 domini
896 4152 978 4200 nostri
994 4151 1053 4199 Ieru
1071 4150 1172 4198 Christi.
1197 4147 1261 4196 cod.
1279 4146 1340 4195 Pur.

143 4235 224 4284 1652:
251 4234 283 4282 In
295 4235 392 4283 nomine
404 4236 498 4284 domini
515 4236 606 4299 incipit
618 4235 682 4284 liber
694 4237 725 4285 de
734 4237 814 4299 pectis
825 4236 920 4286 &mini
930 4238 1013 4285 nentri
1024 4236 1163 4286 calcatorio
1171 4251 1221 4299 per
1232 4234 1340 4282 Emaum

141 4320 272 4369 Hebreum
287 4325 348 4384 pont
360 4321 544 4371 Nicbodemum.
571 4320 634 4371 Coo.
651 4322 710 4371 Per.
728 4324 809 4372 5559:
835 4324 866 4371 In
883 4324 981 4373 nomine
996 4327 1083 4372 sancte
1103 4322 1230 4372 trinitatic
1249 4319 1341 4382 incipit

137 4406 253 4456 historia
269 4407 432 4470 depactione
449 4425 479 4457 ac
495 4409 680 4458 resurrectione
701 4413 776 4472 atque
792 4412 936 4461 arcemione
951 4409 1046 4458 domini
1061 4409 1144 4458 ncetri
1160 4407 1217 4456 Iesu
1236 4406 1339 4461 Christi,
