2962 4912
625 310 745 362 lunelli.

256 501 368 564 reliquis
380 501 518 551 orientali.
538 502 600 550 Nou
613 506 669 550 tem
681 502 849 565 evangelium
864 517 942 566 quom

258 587 447 637 collectionem
471 587 654 651 evengeliosm
679 601 750 645 osso,
778 587 811 637 sb
836 589 944 639 bomine

257 673 383 722 orienlsli
400 673 565 733 institutum,
586 687 641 723 uon
658 673 744 737 ipssm
757 688 820 723 vero
838 675 945 724 orabioe

256 760 383 822 scriptore
402 757 450 807 sed
469 773 501 808 ex
519 772 579 824 syro
598 772 701 808 versem
724 796 944 811 ......
980 759 1171 809 xcvlll-l.

224 844 280 902 Qus
303 845 467 895 suctoritste
489 843 560 908 opud
579 843 660 908 Syros
685 859 784 910 sosque
807 847 944 896 Nestoris·

256 944 304 979 uos
323 929 446 979 hobitum
465 930 516 989 sit;
535 929 569 979 sd
583 944 649 993 quos
664 929 697 980 sb
711 929 778 995 ipsis
792 931 944 992 bromios-in

256 1030 332 1078 quern
352 1013 386 1064 sd
402 1029 478 1064 usum
492 1015 577 1065 luerit
591 1015 772 1075 destinatum
791 1016 944 1081 queruloso

255 1101 330 1164 pueri
355 1100 471 1150 ocimum
494 1100 594 1150 trsdst.
635 1101 707 1165 Ipsis
730 1102 865 1165 plsouisso
888 1102 944 1151 llo·

256 1187 440 1237 bsmmedsnis
461 1187 638 1251 scriptoribus
679 1224 943 1239 .......
980 1187 1107 1237 b-bll.

222 1273 262 1322 De
281 1272 401 1323 editione
421 1272 532 1323 Heurioi
552 1272 615 1323 Sike
638 1276 666 1323 sl
685 1288 774 1324 eorum
793 1275 839 1338 qui
857 1275 944 1323 secuti

254 1363 327 1408 suut.
364 1357 438 1416 Quos
456 1357 603 1407 Flsiscberi
627 1358 656 1408 io
679 1358 847 1409 emeudsndo
865 1362 943 1409 textu
1086 1396 1090 1415 ,

255 1447 349 1493 nostro
368 1448 459 1507 portes
477 1444 581 1492 luerint
593 1480 943 1494 .........
980 1441 1151 1492 ull-llll.

137 1578 192 1643 IX.
220 1579 266 1642 X.
311 1576 364 1642 De
390 1576 504 1645 Gestis
528 1576 633 1641 Pilati
663 1590 797 1655 groeceA
820 1597 848 1637 et
867 1590 898 1637 B.

138 1681 192 1747 xl
213 1680 265 1746 De
280 1679 443 1745 descensu
455 1679 582 1745 Christi
598 1679 639 1743 ad
655 1678 778 1743 inferos
794 1705 898 1755 griseo.

138 1783 211 1850 ΧΠ.
240 1782 292 1847 De
315 1780 430 1851 Gestis
453 1782 556 1847 Pilati
583 1793 669 1843 resne
722 1829 899 1843 ,,,,,
978 1782 1203 1834 rrv-crxvc

139 1885 232 1953 XIII.
256 1884 356 1951 XIV.
385 1884 439 1950 Dc
461 1884 618 1949 descensu
640 1884 767 1950 Christ-i
788 1883 831 1948 ed
851 1885 899 1947 iu-

226 1986 314 2053 feros
337 2001 423 2051 lerino
442 2004 463 2050 s
483 2007 511 2050 et
529 2004 560 2051 Β.
592 2038 599 2051 .
636 2038 642 2051 .
675 2030 678 2034 2
679 2034 899 2051 ......

222 2105 292 2154 Duos
315 2104 449 2169 evengelii
473 2104 613 2154 Nicodemi
636 2104 707 2168 quod
730 2108 829 2153 vocent
851 2109 942 2167 portes

254 2205 308 2241 non
331 2190 364 2240 sb
389 2189 482 2240 eodem
508 2196 616 2239 auctore
640 2191 777 2254 proiectos
800 2202 941 2252 eorumque

254 2279 364 2327 ultorem
388 2278 421 2326 sb
445 2277 532 2326 silero
554 2275 748 2341 seiungendum
769 2290 840 2333 esse,
865 2290 941 2340 orgu-

254 2364 352 2413 meotis
371 2363 495 2427 inprimis
514 2363 633 2426 quinque
650 2362 812 2425 probetur.
849 2398 855 2411 .
892 2397 898 2411 .
934 2399 941 2412 .
977 2359 1156 2409 LIV-LVI.

222 2459 258 2509 De
277 2457 381 2508 duobus
406 2458 468 2507 libri
490 2457 617 2507 exordiis.
654 2457 694 2507 De
712 2456 793 2506 luicio
812 2457 942 2505 bistorIsc

252 2544 304 2594 boo
330 2545 400 2594 libro
429 2543 555 2595 creditos.
599 2543 638 2593 De
666 2543 775 2593 nomine
802 2541 942 2592 Nicodomi
1003 2532 1008 2543 '

253 2632 380 2680 sectoris.
418 2630 557 2680 vincentii
576 2628 778 2679 Belloroceusis
801 2634 829 2677 eo
850 2627 942 2677 lscobi

253 2717 286 2767 de
305 2717 440 2782 Vorogine
463 2716 633 2774 testimonis,
659 2716 722 2764 item
747 2713 869 2777 Gregorii
890 2711 941 2761 Tu·

253 2803 384 2851 rorensis.
420 2803 459 2850 De
483 2802 566 2851 titulo
585 2800 720 2866 evengelil
738 2800 941 2849 Neroneorum.

254 2886 366 2944 Quando
380 2887 448 2936 duce
460 2890 552 2951 portos
565 2886 594 2935 iu
605 2901 687 2936 unum
702 2885 864 2935 coniunctos
883 2897 941 2933 esse

252 2972 396 3022 vidcsuiur
419 3007 940 3022 .............
976 2965 1181 3016 Lvll-uxll.

222 3067 257 3116 De
287 3067 407 3130 sutiquis
435 3066 517 3115 Pileii
547 3067 616 3116 sctis
647 3064 754 3115 Coessri
784 3063 940 3113 destinetis.

253 3151 365 3210 Iustini,
392 3151 568 3209 Tertulliani,
596 3151 704 3200 Eusebii
727 3149 884 3200 testimonis
908 3148 941 3197 de

252 3239 320 3288 ectio
339 3238 422 3287 Pil-si
442 3239 515 3287 inter
533 3236 702 3287 christianos
722 3236 865 3299 primorum
884 3248 940 3283 sso-

252 3328 371 3376 oulorum
399 3323 556 3388 divulgetis.
579 3323 667 3371 ‹Hsec
694 3322 766 3371 iuter
792 3324 821 3370 eb
848 3323 941 3369 nostro

252 3426 320 3475 quse
343 3411 381 3459 sit
398 3410 468 3460 retio
505 3443 941 3460 ...........
977 3403 1178 3454 Lxll-lxv.
1234 3416 1239 3429 ’

222 3507 257 3556 lle
275 3505 390 3554 consilio
414 3510 443 3554 eb
465 3508 575 3554 ductore
598 3503 693 3553 borum
715 3506 850 3560 sotorum
875 3501 940 3551 item

252 3607 303 3655 qus
330 3591 423 3655 lingue
449 3590 508 3654 ipsc
531 3594 627 3639 auctor
648 3603 711 3638 usus
734 3589 780 3638 sit.
825 3587 938 3646 Quando

252 3692 319 3741 quoe
343 3677 377 3727 sd
400 3690 450 3726 nos
474 3676 600 3739 persenit
620 3675 800 3739 entiquiorum
819 3677 939 3723 sciorum

251 3762 409 3812 retrocessio
428 3761 557 3811 institute
577 3776 635 3811 esso
655 3759 809 3809 videatur.
846 3795 852 3807 .
889 3795 895 3807 .
932 3795 938 3806 .
973 3754 1198 3806 lxv-lrxvu.

221 3857 256 3906 De
279 3858 367 3907 alteru
391 3854 525 3920 evengelii
544 3854 684 3904 Nicodemi
708 3858 796 3917 porte,
822 3853 841 3902 i.
861 3866 885 3902 e.
905 3852 939 3901 dc

252 3943 389 3992 Descensu
407 3939 509 3991 Christi
532 3940 566 3990 ed
589 3941 699 3989 inferos.
735 3937 873 3997 Quomodo
896 3952 937 3987 co·

252 4027 361 4078 beeroet
380 4041 440 4077 cum
458 4026 528 4077 sctis
546 4026 639 4076 Pilsbi.
676 4023 799 4082 Quando,
817 4038 869 4087 qus
887 4023 938 4073 liu·

252 4130 314 4179 guo,
336 4129 350 4163 o
370 4128 485 4178 quonsm
503 4112 527 4162 is
545 4111 655 4162 libellus
673 4110 711 4160 sii
729 4109 846 4174 scriptus
888 4146 894 4159 .
930 4145 936 4159 .
972 4104 1240 4157 uxvu-uxvlll.

222 4209 257 4258 lle
276 4208 440 4258 editionibus
459 4207 594 4271 evangelii
613 4205 753 4256 Nicodcmi
770 4203 903 4269 prioribus
931 4239 937 4253 .
974 4199 1182 4249 cxlx-Lxx.

220 4303 258 4353 De
276 4318 322 4352 sex
340 4302 442 4353 libellis
461 4317 477 4351 s
495 4301 574 4351 nobis
597 4300 691 4358 editis,
714 4302 731 4351 i.
751 4316 774 4350 e.
796 4299 937 4349 Gestorum

251 4390 334 4440 Pilati
358 4406 397 4455 gr.
418 4392 438 4437 A
465 4404 496 4438 ex
520 4391 582 4437 ocbo
604 4387 741 4437 codicibus
760 4384 874 4453 grseois,
899 4386 938 4434 iu·
