2962 4912
136 287 198 345 428
488 287 615 335 ovano.
637 288 812 337 ulcoouul
840 287 925 336 PARS
944 287 982 337 11.

137 437 305 520 pugnabas
329 440 494 522 quotidie3
523 441 573 503 sin
597 448 705 506 autem
729 441 877 522 minime,
901 440 986 505 scias
1010 440 1089 524 quia
1110 437 1268 521 religatus
1289 440 1324 504 ab

137 563 175 606 eo
199 564 290 607 meae
314 543 442 608 suberis
469 544 647 611 custodiae.

520 786 637 854 Oarur
661 786 742 856 VII.
780 785 948 870 (XXIII.)

225 950 296 1014 1Et
323 951 442 1015 iterum
471 951 559 1016 faeta
585 958 636 1016 est
663 974 725 1017 vox
754 951 813 1016 filii
841 950 945 1034 patris
975 949 1129 1015 altissimi
1154 950 1251 1033 quasi
1273 972 1327 1014 vox

138 1054 276 1118 tonitrui
300 1056 409 1138 magni
434 1055 562 1120 dicens:
585 1055 708 1121 Tollite
731 1061 845 1138 portus
868 1055 1035 1139 principes
1057 1060 1194 1134 vestras,
1218 1059 1251 1118 et
1272 1053 1329 1118 ele·

137 1158 256 1221 vamini
282 1165 396 1240 portae
419 1161 616 1242 aeternales,
648 1166 681 1225 et
711 1160 865 1224 introibit
892 1181 949 1224 rex
978 1157 1113 1242 gloriae.
1158 1157 1254 1222 Tunc
1276 1156 1329 1223 Sa·

138 1267 231 1324 tanas
254 1266 289 1324 et
311 1261 458 1325 infernus
482 1262 705 1327 clamaverunt
728 1262 893 1327 dicentes:
922 1261 1006 1345 Quia
1029 1267 1080 1326 est
1102 1261 1165 1326 iste
1189 1282 1248 1324 rex
1268 1259 1330 1343 glo·

137 1363 232 1428 riae?
270 1365 547 1448 Responsumquo
570 1371 621 1429 est
643 1365 709 1429 illis
732 1386 811 1430 voco
835 1365 1017 1429 dominica:
1049 1364 1218 1430 Dominus
1241 1364 1331 1429 fortis

138 1471 172 1529 et
192 1471 320 1549 potens,
343 1467 496 1531 dominus
519 1468 693 1550 potensin
717 1468 853 1549 proelio.

224 1587 334 1651 ²Post
361 1588 445 1652 haim
472 1611 584 1653 vocem
614 1589 746 1653 rulvenit
774 1588 874 1653 homo
904 1588 997 1651 cuius
1026 1586 1109 1651 visio
1140 1590 1214 1651 erat
1242 1589 1331 1669 quasi

137 1689 291 1768 latronis,
322 1696 459 1772 portans
491 1713 621 1755 crucem
653 1692 686 1754 in
718 1691 870 1773 humero,
902 1691 1046 1756 clamans
1074 1714 1094 1754 a
1122 1689 1206 1753 soris
1234 1696 1267 1753 et
1289 1689 1331 1753 di-

138 1813 233 1855 cens:
266 1790 406 1874 Aperite
437 1792 517 1856 mihi
545 1799 583 1856 ut
610 1793 739 1857 intrem.
785 1792 845 1858 Oui
874 1792 1026 1875 aperiens
1049 1790 1150 1857 Satan
1173 1781 1242 1873 'per
1270 1813 1332 1856 mo·

139 1896 247 1960 dicum
271 1896 456 1961 introduxit
478 1920 551 1963 eum
579 1899 719 1962 interius
748 1898 782 1962 in
810 1897 971 1980 hospitio,
1003 1897 1190 1980 iterumque
1218 1896 1332 1960 clausit

138 2004 215 2080 post
250 2021 323 2063 eum
359 1999 489 2064 ostium.
542 1999 773 2083 Videruntque
805 2022 878 2064 eum
912 2021 1025 2064 omnes
1057 1998 1164 2063 sancti
1197 1998 1332 2081 perluci-

139 2104 231 2185 dum,
255 2103 474 2188 dixeruntque
497 2105 526 2169 ei
550 2105 722 2170 continuo:
754 2104 851 2171 Visio
875 2110 932 2168 tua
953 2103 1094 2169 latronis
1117 2107 1177 2168 est
1222 2102 1332 2167 Indica

139 2208 250 2287 nobis,
279 2208 358 2291 quid
382 2209 544 2292 estquod
572 2209 606 2273 in
629 2210 728 2274 dorso
758 2213 814 2274 tuo
843 2208 997 2273 baiulus?
1041 2207 1109 2291 Qui
1132 2206 1331 2290 respondens

139 2311 307 2376 humiliter
334 2313 433 2377 dixit:
474 2313 561 2380 Vere
589 2314 674 2379 latro
708 2314 752 2378 sui
786 2335 846 2396 per
875 2313 997 2394 omnia,
1030 2318 1063 2376 et
1094 2311 1330 2394 suspenderunt

139 2439 189 2481 me
213 2416 329 2481 Iudaei
352 2418 385 2481 in
410 2440 506 2482 cruce
529 2440 602 2483 cum
626 2418 760 2482 domino
785 2439 856 2482 meo
880 2417 958 2481 Iesu
982 2416 1115 2483 Christo
1139 2415 1209 2480 filio
1234 2416 1329 2496 patris

137 2520 299 2584 altissimi.
343 2521 417 2603 Ego
442 2521 584 2604 denique
607 2522 681 2585 reni
709 2520 957 2603 praeconoitus:
989 2520 1058 2603 ipse
1081 2541 1162 2585 vero
1186 2524 1265 2602 post
1285 2541 1327 2584 me

60 2623 67 2633 “
136 2622 226 2687 uenit
248 2623 415 2688 continuo.

224 2741 346 2807 ³Tuno
375 2750 508 2808 sanctus
531 2743 639 2807 David
668 2743 824 2806 aduersus
849 2742 949 2807 Satan
979 2742 1030 2806 ira
1057 2763 1237 2807 succensus
1264 2765 1327 2826 pro·

138 2846 291 2910 clamauit
322 2846 470 2910 sortitor:
511 2847 616 2929 Aperi
649 2846 860 2928 spurcissime
893 2851 1007 2929 portas
1038 2852 1129 2927 tuae,
1168 2852 1206 2911 ut
1237 2847 1326 2911 intret

138 2972 195 3014 rex
226 2951 359 3032 gloriae.
405 2951 567 3016 Similiter
595 2957 628 3015 et
656 2974 768 3015 omnes
797 2951 901 3015 sancti
925 2951 977 3015 dei
1006 2952 1254 3035 consurgebant
1279 2953 1325 3018 ad·

138 3077 251 3119 uersus
279 3054 380 3119 Satan
410 3063 443 3121 et
469 3057 623 3122 volebant
651 3079 724 3120 erun
753 3056 1032 3138 comprehendere
1061 3061 1094 3120 et
1121 3057 1210 3121 inter
1235 3079 1267 3120 se
1287 3056 1325 3121 di·

136 3316 236 3379 gnatur
259 3319 357 3365 animae
379 3318 471 3367 cotidie
494 3323 519 3366 et
542 3318 690 3383 affliyebau
714 3334 780 3366 nuno
801 3317 927 3381 religatur
947 3319 999 3366 eris
1017 3317 1049 3365 ab
1066 3334 1108 3376 eo,
1130 3318 1175 3367 cub
1194 3323 1268 3367 areta
1283 3321 1326 3368 eris

139 3403 263 3450 custodia.

227 3505 286 3560 Vll,
307 3509 329 3555 1.
366 3506 445 3555 CM
470 3506 500 3562 V,
520 3510 543 3554 3.
575 3506 745 3556 cossubito
763 3508 854 3555 audito
872 3511 909 3554 eri
933 3506 937 3568 1
957 3507 1016 3571 filii
1035 3508 1135 3568 patrie.-
1159 3519 1194 3556 ΔΒ
1214 3523 1254 3555 om
1269 3508 1324 3571 fidi.

140 3603 154 3640 c
174 3595 314 3653 utrumque
338 3608 380 3639 om
405 3591 409 3654 1
434 3594 542 3639 tonitrui
562 3593 660 3654 magni:
680 3593 718 3640 ita
736 3604 788 3643 nne
812 3596 816 3650 1
840 3593 1002 3640 diversoum
1021 3606 1036 3642 c
1056 3626 1086 3640 .·
1106 3606 1122 3642 Δ
1142 3608 1200 3652 01n;
1222 3594 1326 3656 Biuqnit

140 3681 202 3740 post
222 3677 315 3725 Tollite
330 3677 334 3738 Ι
351 3690 367 3726 Β
386 3695 427 3724 om
445 3678 512 3724 dom.
529 3682 619 3740 potem

226 3785 251 3829 2.
287 3780 329 3828 Cf.
350 3784 370 3828 Δ
390 3780 420 3827 x.
450 3782 513 3829 Post
535 3782 600 3828 hanc
620 3816 626 3828 .
647 3816 653 3828 .
674 3794 690 3829 a
710 3796 798 3841 lucem
821 3779 900 3836 Tunc,
925 3794 940 3829 c
959 3780 997 3827 Er
1020 3776 1026 3844 Ι
1049 3791 1065 3829 Β
1085 3780 1156 3827 euim
1173 3785 1231 3829 erat
1248 3781 1325 3829 simtu

142 3865 201 3911 tudo
221 3866 293 3927 quusi
313 3867 316 3922 Ι
338 3878 353 3914 c
372 3865 498 3927 Aperiens
516 3869 598 3913 autem
618 3865 642 3911 et
661 3865 744 3911 Satan
764 3880 812 3926 per
832 3863 897 3912 nod.
916 3862 1045 3920 introivit,
1068 3863 1208 3926 iteransque
1231 3864 1262 3913 el.
1275 3869 1326 3925 port

141 3968 195 3999 euru
219 3957 266 4000 ort.
285 3953 432 4014 didicerem.
473 3953 511 4001 Et
535 3968 588 4000 cum
610 3952 733 4001 vidissent
750 3952 864 4000 Dirmam
886 3967 950 3999 omn.
970 3967 1008 3998 sa.
1029 3951 1173 4012 perloctd„
1200 3952 1280 4000 diter.
1297 3951 1325 4000 od

141 4054 194 4084 eom
216 4038 325 4096 lth'c
343 4037 413 4084 notis
433 4036 438 4101 Ι
458 4037 527 4087 latro
539 4039 588 4101 soi
605 4052 663 4085 cuin
683 4051 716 4087 uc
736 4073 765 4084 ..
787 4049 802 4085 Β
821 4036 890 4085 latro
899 4036 1009 4100 sutorem
1030 4035 1034 4096 1
1055 4038 1080 4082 et
1099 4036 1125 4097 (e
1143 4037 1200 4096 red)
1218 4036 1324 4097 mspend.

143 4157 171 4172 ..
192 4135 209 4171 Β
227 4139 268 4170 om
292 4126 317 4169 et
340 4122 345 4182 1
368 4136 402 4172 Ac
421 4139 475 4170 oum
498 4121 525 4183 (c
544 4121 596 4170 udd
617 4123 727 4183 Christo)
746 4123 845 4169 ‹lomiuo
864 4121 927 4185 filio
950 4121 977 4182 (c
995 4119 1047 4168 add
1071 4120 1168 4182 patro)
1192 4116 1323 4182 alteralteri!

145 4211 199 4273 Ego
217 4210 322 4272 ‹t·nique
341 4207 369 4270 (c
388 4208 461 4273 itaq.)
479 4209 535 4258 oeni
552 4225 689 4271 praecone.
710 4208 738 4270 (e
756 4207 878 4271 concitur)
897 4224 954 4258 cum
975 4221 1008 4259 ne
1028 4240 1058 4255 ·.
1079 4219 1095 4255 Β
1114 4207 1172 4269 Eoo
1189 4223 1243 4255 eum
1260 4223 1324 4270 prae

141 4299 197 4345 oeni
217 4297 328 4345 concitus

227 4395 251 4441 3.
290 4391 331 4440 Cf.
351 4388 375 4440 A
394 4391 425 4448 V,
444 4394 469 4440 3.
500 4391 661 4453 rporcmeime
679 4406 738 4440 oum
756 4402 839 4441 Bc..
859 4405 876 4441 n
888 4386 1138 4452 fortissimelioter
1155 4404 1182 4436 se
1200 4386 1227 4448 (c
1240 4385 1323 4435 addet
