2962 4912
603 311 876 365 sacerdonibus.
1255 330 1344 377 Lm

147 463 276 529 laceret
319 461 447 528 Tamen
475 482 560 546 quae
590 461 680 527 illius
708 462 967 544 praedicationis
993 461 1181 546 fragmenta
1208 484 1228 528 a
1256 468 1344 530 vete

146 573 233 639 ribus
260 572 440 638 laudantur
467 574 692 639 coniecturam
719 575 818 638 istam
845 594 962 656 parum
985 578 1181 639 sustentant.
1224 573 1344 658 Neque

144 686 169 751 si
187 705 227 750 ex
247 685 334 751 libro
350 690 419 750 tam
436 684 559 750 celebri
574 685 742 750 Eusebius
757 684 1006 751 Alexandrinus
1021 685 1195 769 hausisset,
1218 686 1344 752 fontem

143 796 274 861 silentio
297 797 557 879 praeteriturum
579 795 681 861 fuisse
705 795 812 862 credo.
856 796 947 861 Hinc
962 797 1074 879 potius
1095 797 1130 861 in
1148 799 1197 862 eis·
1211 797 1344 864 videtur

142 908 274 990 scriptis
288 908 389 973 fuisse
407 929 491 991 quae
506 908 542 973 in
557 928 739 990 paucorum
754 907 925 973 hominum
946 908 1101 973 notitiam
1124 914 1225 991 atque
1248 929 1344 972 usum

141 1019 300 1103 venirent,
324 1019 508 1086 cuiusmodi
531 1019 637 1086 multa
658 1040 679 1084 a
702 1020 801 1085 claris
823 1019 1040 1102 scriptoribus
1056 1020 1207 1102 prolecta
1220 1019 1345 1086 dudum

141 1133 264 1214 perisse
294 1133 423 1197 scimus.
467 1131 648 1214 Scripsisse
676 1153 754 1197 vero
785 1131 909 1197 librum
939 1137 1019 1213 puto
1047 1131 1274 1198 Christianum
1303 1154 1345 1198 ex

140 1241 275 1308 Indaeis
300 1248 410 1309 ortum
421 1244 453 1328 ¹),
475 1243 590 1327 lingua
611 1264 706 1310 usum
728 1265 856 1328 graeca,
878 1243 984 1308 bonae
1007 1244 1100 1308 illum
1116 1244 1247 1327 quidem
1266 1244 1344 1310 fidei

140 1353 196 1419 sed
222 1354 397 1438 theologia
418 1353 558 1419 Iudaica
584 1376 651 1420 non
678 1355 889 1421 mediocriter
915 1354 1078 1420 imbutum
1105 1376 1166 1422 nec
1193 1357 1343 1440 ignarum

141 1463 290 1530 idearum
312 1467 548 1548 gnosticorum.
592 1466 748 1535 Gnostici
770 1467 858 1532 enim
874 1470 1079 1549 quantopere
1098 1465 1254 1532 delectati
1275 1468 1343 1532 sint

141 1577 336 1660 angelorum
359 1583 393 1642 et
415 1577 578 1643 bonorum
601 1582 635 1642 et
652 1579 814 1643 malorum
829 1577 980 1660 partibus
995 1577 1192 1660 excolendis,
1213 1579 1343 1644 itemst

142 1686 310 1753 coelorum
340 1693 373 1754 et
395 1688 576 1754 inferorum
598 1689 813 1772 imaginibus,
840 1689 958 1771 quanti
980 1688 1081 1754 iidem
1103 1694 1137 1754 et
1159 1688 1287 1755 Christi
1310 1694 1343 1754 et

141 1797 406 1867 Christianorum
437 1799 577 1865 fecerint
605 1799 820 1882 baptismum,
853 1821 918 1882 quo
942 1799 1074 1882 quidem
1096 1786 1342 1867 Valentinianis

142 1910 290 1975 homines
312 1910 347 1974 in
371 1910 511 1975 salutem
532 1910 721 1994 regenerari
743 1911 806 1975 visi
828 1916 918 1990 sunt,
943 1911 1025 1975 satis
1048 1916 1188 1975 constat.
1231 1909 1342 1992 Inpri-

143 2022 199 2087 mis
222 2043 303 2086 vero
328 2022 568 2104 comparandae
586 2028 663 2087 sunt
679 2019 880 2105 Ophitarum
895 2023 1068 2105 opiniones
1084 2021 1123 2088 de
1138 2022 1229 2105 ligno
1246 2022 1342 2101 vitae,

141 2133 231 2198 cuius
261 2133 410 2198 balsamo
439 2135 583 2200 animam
610 2134 645 2198 in
672 2135 838 2217 baptismo
862 2135 941 2217 ungi
965 2134 1132 2216 dixerunt,
1163 2132 1203 2199 de
1230 2134 1342 2198 anima

142 2251 255 2327 portas
283 2245 378 2327 regni
400 2226 614 2311 laldabaothi
643 2245 737 2329 signo
764 2245 853 2310 vitae
876 2244 1023 2326 (crucel)
1047 2245 1232 2327 aperiente,
1260 2230 1341 2311 item

141 2355 224 2421 aliae
254 2355 393 2439 similes,
425 2358 541 2439 quales
564 2358 664 2421 etiam
687 2377 728 2422 ex
750 2356 877 2421 duobus
900 2355 1106 2422 venerandae
1129 2356 1341 2438 antiquitatis

143 2468 371 2548 monumentis,
396 2489 480 2551 quae
503 2489 609 2550 nuper
631 2468 761 2533 demum
784 2467 883 2532 docta
905 2467 1093 2551 aequalium
1115 2466 1280 2532 industria
1301 2489 1342 2533 er

142 2578 286 2643 tenebris
317 2579 498 2662 protraxit,
529 2578 836 2661 Philosophumena
863 2576 1177 2662 Pseudo-Origenis
1203 2577 1276 2643 dico
1308 2583 1342 2644 et

142 2710 222 2772 opus
246 2689 416 2771 copticum
436 2691 559 2752 Πιστισ
574 2692 697 2773 Coqua,
720 2689 805 2755 disci
826 2694 974 2772 possunt.
1017 2689 1134 2771 Ipsum
1149 2688 1341 2754 descensum

142 2799 266 2867 Christi
289 2800 332 2865 ad
354 2790 477 2867 inferos
500 2801 721 2880 aGnosticis,
744 2807 782 2865 ut
804 2822 824 2865 a
844 2801 1026 2882 Marcione,
1047 2804 1218 2884 receptum
1240 2807 1341 2884 atque

141 2912 306 2977 excultum
329 2933 400 2977 esse
424 2917 555 2978 constat
564 2913 601 2994 ²).

223 3021 478 3089 Transeundum
505 3030 557 3088 est
581 3023 625 3089 ad
652 3023 816 3089 editiones
843 3023 1017 3106 utriusque
1041 3023 1082 3088 de
1105 3045 1171 3106 quo
1193 3023 1341 3106 disputa·

141 3135 244 3200 rimus
265 3134 371 3199 libelli
394 3155 414 3200 a
436 3135 601 3217 prioribus
625 3135 808 3201 editoribus
832 3135 983 3200 omnibus
1002 3135 1230 3217 comprehensi
1245 3155 1341 3199 evan·

140 3244 225 3328 gelio
248 3243 434 3313 Nicodemi.
478 3246 555 3311 Hoc
578 3247 680 3329 igitur
704 3247 778 3330 quis
800 3248 943 3329 primum
964 3246 1068 3312 latine
1091 3247 1251 3327 emiserit,
1274 3266 1342 3311 non

139 3364 297 3424 accurate
325 3358 390 3423 dici
421 3364 543 3442 potest.
587 3357 670 3425 Tres
702 3359 790 3425 enim
821 3358 982 3424 editiones
1014 3359 1084 3424 sine
1112 3358 1178 3424 loci
1206 3358 1284 3422 anni
1307 3363 1341 3423 et

139 3472 295 3552 typorum
318 3471 488 3535 notatione
512 3472 736 3554 innotuerunt,
758 3470 915 3536 recensiti
937 3490 958 3535 a
976 3469 1119 3536 Thilone
1135 3468 1215 3535 (lod.
1230 3489 1341 3551 apocr.

139 3602 168 3663 p.
192 3580 387 3650 CXXXII.
436 3581 551 3646 'lertio
584 3580 658 3646 loco
689 3602 787 3664 quam
818 3581 943 3664 posuit,
975 3582 1235 3647 consentientem
1266 3601 1341 3646 cum

138 3692 287 3758 editione
300 3692 471 3774 Lipsiensi
493 3716 520 3757 a
539 3695 639 3775 1516,
662 3713 735 3758 eam
753 3712 818 3757 non
834 3714 908 3757 cum
923 3691 1065 3757 'Philone
1080 3712 1141 3774 pro
1158 3691 1341 3757 editionum

138 3804 286 3869 omnium
303 3803 413 3885 prima
427 3803 609 3868 habuerim.
654 3802 749 3889 Quae
771 3803 843 3868 laus
865 3804 977 3886 potius
999 3804 1034 3867 in
1057 3822 1132 3869 eam
1154 3801 1271 3867 cadere
1294 3803 1341 3867 vi·

222 4046 247 4112 1)
272 4049 342 4099 ilinc
365 4063 421 4098 aon
443 4048 479 4098 ad
501 4049 570 4098 alios
593 4048 647 4098 nial
670 4047 777 4100 Veteris
801 4047 964 4099 Teatimenti
985 4049 1045 4112 pina
1069 4048 1214 4099 salutarem
1237 4044 1340 4097 Christi

135 4134 207 4200 apud
225 4135 330 4185 intem
349 4132 494 4184 adventum
513 4133 650 4196 pertinere
669 4134 747 4189 lacit.
781 4133 868 4183 Aliter
885 4132 1017 4183 Marcion.

220 4217 246 4284 ¹>
264 4219 308 4270 sd
325 4225 411 4271 totam
430 4220 499 4269 hanc
518 4219 551 4270 do
570 4220 640 4270 actia
653 4219 736 4269 Pilati
755 4220 950 4283 expetitionem
969 4219 1140 4269 adhibuimus
1158 4232 1226 4282 quae
1244 4216 1273 4267 in
1286 4215 1340 4265 dir·

134 4305 287 4356 sentations
314 4307 406 4354 nostra
424 4302 537 4368 Hagana
562 4301 637 4365 §ib
658 4303 686 4352 in
706 4302 817 4353 eandem
840 4317 896 4353 ram
920 4291 1088 4368 scripsimui,
1111 4301 1165 4351 nial
1183 4299 1255 4365 quod
1274 4314 1339 4349 uon·

134 4390 217 4439 aallia
236 4388 344 4439 amicale
363 4388 417 4437 alla
434 4386 595 4446 addidimus,
614 4387 668 4436 alla
686 4387 857 4437 mutavimus.
