2962 4912
334 337 667 388 menno-uirumnr
686 340 929 392 nvrncrnruu.
959 341 1034 392 cin.
1053 342 1132 392 v111.
1294 345 1334 407 67

137 490 178 555 ad
197 490 389 572 legitimam
410 496 572 570 aetatem,
592 489 684 553 viros
705 490 742 554 in
760 492 923 574 coniugio
941 499 1024 557 sunt
1046 493 1206 576 adeptae,
1228 502 1264 561 et
1283 519 1335 561 se·

141 603 232 661 outae
245 603 328 660 sunt
336 595 493 679 priorum
510 617 650 661 suarum
668 596 825 662 ordinem
843 604 878 662 et
888 598 953 663 deo
965 598 1186 682 placuerunt.
1209 597 1245 661 A
1260 600 1336 664 sola

144 721 213 766 tero
228 698 343 762 Maria
365 719 473 762 novus
496 699 580 763 ordo
601 699 764 781 placendi
787 700 852 764 deo
874 702 1038 767 inventus
1055 710 1122 783 est,
1145 723 1234 784 quae
1257 724 1335 784 pro·

146 804 240 870 mittit
255 801 321 865 deo
339 823 376 865 se
392 803 560 884 virginem
576 823 792 884 permanere.
838 803 940 869 Unde
958 805 1042 869 mihi
1059 805 1198 869 videtur
1218 813 1256 869 ut
1272 827 1335 888 per

150 905 443 988 interrogationem
460 909 614 970 nostram
632 913 668 969 et
683 907 948 989 responsionem
964 907 1021 972 dei
1038 909 1213 990 possimus
1230 929 1336 991 agno-

152 1030 229 1077 scere
247 1008 303 1072 cui
320 1005 448 1071 debeat
464 1007 698 1072 custodienda
716 1010 896 1073 committi.
929 1011 940 1043 ²
955 1009 1054 1075 Tunc
1070 1010 1205 1093 placuit
1221 1031 1333 1074 sermo

153 1118 202 1180 iste
222 1111 313 1175 omni
331 1132 538 1194 synagogae.
569 1110 618 1176 Et
635 1114 743 1177 missa
764 1120 818 1178 est
834 1133 909 1177 sors
930 1133 950 1177 a
967 1113 1210 1178 sacerdotibus
1228 1134 1336 1197 super

156 1215 314 1283 duodecim
340 1213 454 1279 tribus
476 1215 603 1296 Israel,
631 1222 666 1280 et
694 1215 824 1281 cecidit
848 1237 923 1281 sors
951 1238 1057 1299 super
1080 1217 1210 1280 tribum
1231 1215 1332 1280 Iuda.

156 1321 300 1401 Dixitque
318 1318 498 1383 sacerdos:
533 1317 742 1402 Insequenti
760 1319 815 1383 die
834 1319 1045 1402 quicumque
1063 1321 1138 1383 sine
1155 1339 1262 1385 uxore
1280 1325 1335 1384 est

157 1424 247 1489 veniat
267 1429 302 1485 et
323 1421 460 1485 deferat
479 1422 609 1503 virgam
636 1422 671 1485 in
693 1443 797 1486 manu
821 1442 893 1486 sua.
939 1420 1042 1487 Unde
1065 1422 1271 1486 factumest
1294 1427 1334 1485 ut

158 1524 259 1609 loseph
280 1545 356 1587 cum
373 1522 558 1587 iuvenibus
574 1524 704 1607 virgam
722 1524 885 1589 deferret.
927 1523 1084 1607 Cumque
1103 1525 1335 1589 tradidissent

160 1648 262 1696 summo
280 1625 439 1708 pontifici
455 1629 568 1710 virgas
587 1649 679 1708 suas,
704 1627 834 1691 obtulit
850 1627 1060 1693 sacrificium
1079 1628 1153 1708 deo,
1176 1632 1212 1690 et
1227 1629 1336 1692 inter-

161 1731 264 1816 rogavit
279 1729 467 1794 dominum.
507 1730 556 1796 Et
575 1731 663 1795 dixit
678 1731 840 1795 dominus
859 1730 904 1795 ad
921 1752 1013 1795 eum:
1045 1730 1247 1795 Intromitte
1265 1750 1333 1793 om-

161 1839 230 1902 nium
248 1835 361 1916 virgas
386 1836 481 1898 intra
505 1839 861 1914 sanctasanctorum,
889 1840 924 1897 et
947 1833 997 1897 ibi
1018 1825 1184 1897 maneant
1202 1832 1333 1914 virgae.

160 1940 194 2005 ut
207 1938 360 2021 praecipe
384 1937 434 2001 eis
456 1943 496 2000 ut
511 1958 611 2002 mane
628 1938 771 2000 veniant
791 1936 835 1999 ad
856 1942 890 1999 te
914 1936 958 2000 ad
980 1934 1202 2019 recipiendas
1218 1936 1333 2016 virgas

162 2063 227 2122 suas,
241 2047 274 2104 et
289 2061 330 2104 ex
348 2041 528 2105 cacumine
545 2041 650 2105 unius
665 2041 782 2123 virgae
801 2038 961 2104 columba
978 2038 1180 2122 egredietur
1195 2045 1231 2102 et
1242 2038 1333 2102 vola·

163 2147 198 2210 bit
213 2143 249 2208 ad
264 2141 398 2222 caelos3
419 2144 455 2206 in
473 2143 572 2206 ouius
589 2164 693 2207 manu
710 2143 807 2224 virga
827 2140 967 2205 reddita
991 2140 1057 2206 hoc
1074 2142 1211 2223 signum
1229 2140 1333 2205 dede·

163 2249 201 2328 rit,
213 2247 271 2328 ipsi
286 2246 448 2310 tradatur
462 2245 577 2310 Maria
595 2245 835 2310 custodienda.

223 2347 390 2412 ’Factum
414 2355 467 2413 est
489 2356 604 2413 autem
626 2355 666 2412 ut
686 2349 797 2412 altero
816 2347 872 2410 die
889 2348 1059 2411 maturius
1076 2347 1237 2410 venirent
1257 2347 1333 2410 uni·

163 2516 339 2524 —-——.-..

162 2612 235 2660 ami.
247 2612 273 2672 (a
285 2611 320 2658 od
333 2609 485 2672 coniugium)
499 2615 556 2658 etc:
571 2621 588 2656 Δ
602 2610 666 2656 virio
674 2610 752 2656 datae
765 2613 823 2655 suat
836 2608 861 2655 ιἰι
874 2607 1015 2669 centuplam
1029 2604 1033 2669 Ι
1047 2611 1072 2654 et
1084 2622 1132 2654 rec.
1145 2611 1203 2654 unt
1216 2607 1262 2668 (cn
1273 2611 1329 2669 om)

160 2699 244 2759 pram
256 2696 282 2756 (u
290 2696 447 2757 primorum)
461 2712 564 2743 sacram
577 2695 627 2755 (nu
640 2693 753 2755 caeram)
767 2693 823 2742 ord.
836 2697 862 2740 et
874 2692 903 2753 (c
916 2690 972 2752 om)
985 2693 1031 2740 dee
1045 2691 1074 2749 (u
1086 2692 1197 2753 domino)
1205 2692 1246 2752 pl.
1268 2689 1272 2755 Ι
1294 2705 1329 2742 cn

163 2783 214 2831 om
223 2797 273 2830 cero
290 2798 307 2828 n
319 2782 376 2829 soto
389 2781 446 2829 ua.
461 2779 488 2840 (o
502 2781 571 2843 opud
583 2778 710 2839 Mariam)
731 2777 735 2843 Ι
752 2778 876 2838 phrcendi
888 2778 934 2824 deo
952 2776 980 2838 (c
993 2777 1104 2837 domino)
1124 2784 1155 2824 ut
1168 2789 1226 2835 0123*
1239 2791 1275 2824 nn
1294 2780 1330 2826 oi·
1360 2813 1367 2839 Ι

162 2869 218 2924 rendi,
229 2880 243 2915 e
253 2869 353 2915 tacendi
365 2863 369 2931 Ι
385 2868 432 2914 deo
444 2883 471 2914 ce
482 2867 548 2928 oirq.
559 2881 710 2926 permonere
724 2869 751 2926 (u
764 2862 903 2924 custodire)
917 2869 948 2912 nt
961 2875 1028 2922 um
1042 2874 1077 2910 cu
1090 2878 1117 2911 re
1128 2864 1174 2911 deo
1186 2864 1214 2911 iu
1224 2865 1330 2927 πίνῃ-ἐπί·

162 2958 339 3013 tatepmre
359 2950 363 3015 Ι
384 2965 401 2998 Β
415 2952 502 2999 bonam
513 2952 615 2998 viderur
634 2950 637 3014 Ι
652 2964 702 3009 per
715 2949 939 3010 iatorropatieaem
952 2951 996 2997 otc
1008 2953 1040 2996 ut
1052 2959 1124 3006 anm
1141 2960 1175 2996 cn
1187 2965 1218 2996 ea
1231 2949 1260 3011 (a
1273 2950 1328 3013 om)

161 3039 326 3101 tamquam
342 3042 433 3086 rostro
451 3042 476 3085 et
492 3037 620 3098 responsi-r
639 3036 666 3095 (u
684 3034 816 3097 responso)
834 3036 876 3082 dei
894 3031 898 3092 Ι
916 3035 1042 3095 poesim
1057 3049 1159 3097 opunte.
1177 3040 1208 3082 ut
1225 3047 1275 3093 οὓς
1295 3049 1330 3083 nu

161 3140 234 3186 ῳιιιι.
247 3124 272 3186 (Δ
285 3123 415 3186 coquom.)
429 3124 581 3178 studeamus,
594 3124 659 3170 item
672 3135 689 3168 B
701 3129 733 3170 ut
746 3122 852 3170 videtur
867 3123 870 3185 Ι
885 3121 1019 3169 conmitti.-
1031 3133 1048 3168 n
1061 3120 1115 3169 add
1127 3136 1158 3168 aa
1170 3121 1266 3183 reliquie
1276 3137 1331 3169 eam

161 3210 247 3272 decipere
254 3211 338 3272 poenit

207 3298 227 3344 2.
244 3311 320 3343 nermo
340 3295 387 3342 iete
405 3298 501 3350 uten3
521 3306 556 3340 un
574 3293 661 3341 ἰήιε.
684 3292 688 3355 Ι
709 3292 836 3339 Israelut
850 3289 973 3338 cunina
987 3305 1029 3337 our
1047 3286 1051 3355 Ι
1073 3290 1196 3349 eladae,
1214 3305 1233 3338 ι)
1247 3291 1328 3358 lude}

160 3380 272 3444 Dixitque·
286 3382 433 3444 quicumque
446 3380 473 3441 (n
487 3379 539 3427 add
552 3379 583 3426 de
596 3379 664 3426 triba
676 3378 754 3438 Iuda)
768 3384 812 3425 etc
825 3383 857 3425 nt
869 3388 958 3433 Auem
973 3387 989 3422 n
1002 3375 1041 3421 Et
1052 3376 1236 3424 admouerent
1247 3394 1331 3426 emm

160 3469 227 3515 ntum
238 3469 300 3515 lado
311 3468 425 3515 dicenter
436 3469 465 3512 ot
476 3466 589 3528 sequenti
601 3466 642 3513 die
655 3489 664 3499 ·
677 3468 742 3511 earet
754 3464 851 3510 vectet
862 3451 962 3524 oirpwm
973 3462 1091 3525 deserens
1103 3468 1146 3510 etc
1165 3459 1169 3524 Ι
1188 3462 1294 3523 Ioseph:
1313 3478 1330 3512 u

159 3552 196 3600 edd
206 3570 249 3600 com
261 3570 307 3602 soa
319 3553 425 3601 haberet
437 3567 552 3608 arerem,
570 3552 658 3599 nolens
670 3550 815 3597 mandatum
827 3548 969 3596 sacerdotis
981 3552 1136 3595 maome
1150 3544 1154 3610 Ι
1169 3565 1223 3595 eum
1235 3551 1329 3597 iaceat·

160 3641 191 3689 tn
200 3641 222 3701 (n
234 3642 395 3704 intimidae).-
412 3654 450 3690 na
468 3640 520 3688 add
534 3641 618 3688 senior
632 3639 635 3703 Ι
650 3640 778 3702 deferret:
797 3651 816 3685 u
835 3636 887 3685 add
900 3652 972 3684 enam
986 3632 990 3699 Ι
1004 3651 1096 3683 nomme
1109 3635 1135 3695 (c
1148 3634 1201 3694 cm)
1210 3634 1330 3699 pontiflci

160 3726 180 3785 Ιι
189 3727 231 3776 edd
240 3729 342 3785 Iroccr,
360 3730 427 3777 item
440 3735 504 3791 post
515 3724 635 3789 sacris.).·
653 3737 670 3772 n
682 3741 766 3772 onmes
773 3728 863 3784 pont,
881 3736 899 3770 o
913 3720 965 3770 add
978 3737 1061 3769 mam
1077 3725 1139 3784 post
1151 3722 1239 3783 virque
1249 3737 1310 3770 eoas
1324 3722 1328 3787 Ι

159 3813 204 3860 teo:
216 3825 245 3860 nn
256 3815 352 3863 domim
365 3815 427 3871 dec,
447 3826 464 3861 n
477 3828 519 3860 om
531 3813 613 3874 plane
628 3808 632 3874 Ι
646 3811 753 3858 onmium
766 3816 798 3858 ut
810 3821 897 3867 auom
916 3822 934 3856 1>
947 3823 1031 3856 cmm
1044 3804 1048 3871 Ι
1062 3807 1149 3854 intra:
1166 3819 1183 3853 B
1196 3808 1223 3854 in
1237 3805 1242 3870 Ι
1257 3821 1274 3855 Α
1288 3825 1327 3858 ro.

159 3903 272 3948 nomm
282 3901 324 3948 dei
335 3896 340 3966 Ι
355 3904 381 3948 et
393 3899 428 3946 iti
440 3915 506 3946 mon.
522 3897 548 3958 (c
562 3896 615 3944 add
628 3897 742 3952 mem,
756 3908 772 3943 a
785 3893 879 3954 omnes)
891 3895 996 3955 virque:
1008 3905 1025 3939 u
1038 3897 1063 3940 et
1074 3906 1150 3953 caper
1162 3893 1249 3941 altore
1260 3910 1328 3944 man.

160 3979 315 4048 lltpraecr'pe
331 4011 340 4021 -
358 3984 497 4045 rempieod.
513 3983 543 4044 (D
557 3981 652 4043 accip.)
667 3986 724 4030 etc:
745 3993 761 4026 n
774 3984 799 4027 et
811 3984 871 4027 tanc
882 3980 1009 4026 venientes
1021 3979 1099 4025 ceteri
1111 3978 1145 4025 od
1158 3982 1183 4026 tc
1192 3993 1242 4040 per
1254 3983 1279 4027 te
1291 3996 1331 4028 re·

160 4069 233 4128 eipicnt
242 4077 264 4118 ct
275 4072 302 4132 (u
315 4080 371 4133 om)
384 4086 415 4118 ετ
428 4085 482 4118 coc.
496 4069 570 4116 antae
583 4067 634 4129 (ita
646 4079 680 4123 n;
695 4079 728 4114 cn
738 4065 793 4127 om)
806 4066 893 4127 virque
907 4064 936 4122 (Δ
950 4068 976 4112 et
986 4079 1017 4111 ex
1030 4063 1100 4111 caius
1113 4079 1166 4112 cac.
1180 4065 1269 4125 cirpea
1281 4091 1289 4101 ·
1304 4067 1330 4113 ιἰι

160 4155 212 4202 etin
221 4156 247 4216 (n
257 4158 306 4206 add
320 4155 415 4217 actem)
428 4181 438 4191 ·
451 4156 501 4217 ipsi
511 4156 580 4203 trad.
592 4155 649 4203 Mo.
664 4158 727 4202 rust.
743 4152 794 4213 (sic
805 4163 875 4209 acn3
888 4163 905 4198 u
918 4151 969 4211 ipsi
980 4151 1056 4198 trade
1065 4150 1180 4198 Mariam
1190 4152 1329 4199 mtodien·

160 4238 211 4300 ton)
220 4248 246 4290 nt
256 4255 339 4301 noum
360 4256 452 4290 uvero
470 4246 496 4289 et
512 4243 538 4288 ia
556 4241 627 4288 cuius
638 4241 713 4301 oirpo
729 4240 775 4286 tor
787 4238 884 4300 cipum
902 4237 1051 4299 apparebit,
1069 4236 1188 4284 uidelicet
1204 4237 1253 4284 illa
1266 4255 1331 4300 qaae

155 4325 272 4384 fronduerit
283 4335 308 4377 et
319 4345 395 4377 nucea
403 4328 553 4389 protulerit,
567 4327 634 4375 etde
647 4327 717 4374 eatur
730 4326 857 4373 eat-metue
868 4325 1013 4387 eqredr'etur
1025 4325 1139 4373 ‹rolumba
1151 4327 1176 4372 et
1187 4324 1284 4373 volabit
1295 4327 1329 4374 ad

161 4410 230 4470 melon,
239 4414 276 4462 uo
286 4415 379 4463 tradar
391 4413 513 4462 nram.

212 4499 232 4544 3.
248 4499 315 4548 Puet.
331 4504 370 4547 ert
383 4525 391 4535 ·
405 4500 488 4547 altero
501 4499 530 4556 (a
547 4497 645 4556 altero)
660 4524 668 4534 ·
683 4498 792 4545 unicorni
811 4503 841 4545 ut
854 4508 901 4553 (εις
922 4508 957 4544 ΑΒ
969 4496 1063 4544 Altero
1073 4512 1134 4545 cero
1145 4497 1187 4545 die
1199 4513 1253 4545 cum
1264 4502 1326 4547 mat.
