3000 4912
149 312 211 375 196
310 309 542 360 Evsnossnlnu
561 307 752 358 Inruimus
770 305 961 356 Alcimedis.
993 305 1074 356 XXX.
1094 264 1188 357 XXXI.

148 471 183 529 et
205 460 377 546 quomodo
404 461 441 523 in
466 465 610 542 puteum
634 457 733 521 illum
754 454 1007 535 deturbaverit3
1033 455 1108 520 fieri
1134 479 1204 522 non
1229 463 1348 539 potest

148 567 232 650 quin
256 585 333 630 eum
354 560 544 644 aliquando
567 560 701 644 perdat.
732 559 833 624 Dixit
850 558 904 623 illi
926 559 1010 624 hera
1030 560 1159 625 Maria:
1191 558 1290 624 Deus
1312 567 1346 626 te

147 669 189 735 ab
212 670 281 733 ista
300 664 503 731 vindicabit.
538 663 677 729 Deinde
702 684 778 728 oum
799 684 925 747 aquam
945 661 1114 727 haustura
1135 662 1179 727 ad
1201 668 1347 746 puteum

147 770 284 836 aemula
299 768 545 853 processisset,
568 766 717 851 pedibus
736 766 820 830 fune
837 765 1025 849 implicatis
1042 765 1079 829 in
1094 771 1238 848 puteum
1256 767 1348 832 deci·

64 947 66 952 ¹
149 874 210 938 dit.
234 873 418 942 Venerunt
434 871 574 955 quidem
591 871 748 937 homines
765 878 805 935 nt
821 891 895 935 eam
913 871 1144 953 extraherent,
1163 869 1224 936 sed
1242 876 1349 954 caput

147 978 222 1042 eius
240 982 424 1041 contusum
441 981 476 1039 et
492 995 571 1039 ossa
588 974 700 1039 fracta
715 975 934 1039 invenerunt.
961 970 1020 1039 sic
1036 974 1127 1039 mala
1143 981 1253 1040 morte
1271 995 1348 1058 per·

146 1079 204 1160 iit,
229 1085 264 1144 et
280 1084 440 1145 eventum
461 1077 498 1142 in
516 1098 557 1142 ea
572 1076 696 1142 habuit
713 1077 843 1142 dictum
860 1076 964 1142 illud:
989 1077 1072 1143 Alte
1091 1085 1235 1161 puteum
1250 1074 1348 1142 fode·

146 1188 239 1264 runt,
257 1182 318 1249 sed
336 1181 539 1247 ceciderunt
554 1181 591 1245 in
607 1178 740 1246 foveam
760 1200 862 1263 quam
878 1188 1095 1264 paraverant.

612 1400 733 1468 Onror
756 1402 883 1469 XXX.

235 1574 320 1640 Alia
339 1574 414 1640 illic
435 1574 562 1640 mulier
583 1576 739 1658 geminos
762 1575 914 1642 habebat
935 1576 1027 1642 filios
1051 1576 1110 1659 qui
1132 1576 1167 1640 in
1190 1575 1349 1640 morbum

147 1678 361 1759 inciderant,
388 1677 626 1761 defunctoque
652 1677 763 1745 altero
788 1678 879 1745 alter
903 1681 1052 1745 animam
1077 1678 1216 1762 agebat:
1245 1698 1350 1762 quem

148 1782 325 1849 subletum
346 1786 456 1846 meter
479 1780 567 1847 flens
591 1781 635 1846 ad
651 1780 826 1847 dominam
847 1781 966 1847 heram
981 1781 1130 1847 Mariam
1152 1780 1282 1846 detulit
1305 1787 1350 1862 et,

147 1885 178 1954 Ο
197 1886 338 1951 domina
356 1905 442 1966 mea,
461 1885 588 1968 inquit,
609 1907 710 1969 opem
726 1885 810 1950 mihi
826 1885 881 1950 fer
896 1892 932 1951 et
947 1906 1123 1951 succurre.
1153 1884 1244 1951 Nam
1261 1883 1350 1950 duos

147 1988 255 2055 habui
277 1987 383 2070 filios,
407 2008 554 2071 quorum
576 1989 724 2054 alterum
740 1989 841 2055 modo
859 1988 1020 2072 sepelivi,
1043 1989 1134 2054 alter
1148 2009 1228 2054 vero
1245 1989 1350 2056 morti

147 2094 367 2177 propinquus
385 2096 447 2157 est.
471 2089 563 2160 Vide
580 2093 752 2176 quomodo
765 2092 867 2158 deum
883 2098 1050 2176 rogatura
1067 2098 1101 2158 et
1117 2098 1259 2158 oratura
1274 2093 1350 2156 sim.

150 2194 347 2280 Coepitque
366 2195 498 2260 dicere:
530 2193 733 2277 Odomine,
755 2201 793 2260 tu
815 2217 851 2261 es
869 2195 1022 2261 clemens
1044 2201 1079 2261 et
1094 2196 1294 2261 misericors
1317 2201 1352 2260 et

149 2299 242 2382 pius:
261 2297 348 2363 duos
364 2297 450 2363 mihi
461 2298 591 2363 dedisti
607 2297 708 2379 filios,
727 2319 873 2382 quorum
889 2299 1039 2364 alterum
1056 2320 1133 2363 cum
1149 2297 1350 2379 abstuleris,

149 2400 242 2464 huno
258 2397 383 2465 saltem
401 2399 486 2465 mihi
503 2399 675 2482 relinque.
698 2400 825 2484 Itaque
842 2400 927 2467 hera
936 2400 1051 2467 Maria
1066 2402 1236 2467 fervorem
1247 2400 1351 2466 fletus

150 2503 225 2568 eius
240 2502 461 2585 conspiciens
476 2502 619 2567 miserta
636 2508 690 2567 est
706 2503 781 2568 eius
799 2509 843 2586 et,
860 2504 969 2586 Pone,
987 2505 1113 2587 inquit,
1131 2503 1352 2569 liliumtuum

150 2604 301 2671 inlecto
324 2605 388 2669 filii
410 2606 477 2670 mei
503 2606 649 2689 eiusque
671 2605 827 2671 vestibus
852 2608 966 2690 ipsum
989 2613 1146 2691 contege.
1193 2605 1351 2691 Cumque

149 2709 329 2792 posuisset
345 2709 476 2773 eumin
492 2707 584 2773 lecto
606 2708 643 2773 in
660 2729 728 2792 quo
747 2707 907 2775 Christus
924 2710 1079 2792 iacebat,
1102 2711 1169 2775 iam
1185 2731 1265 2775 vero
1283 2711 1353 2774 vita

152 2811 340 2876 defunctus
358 2810 478 2876 oculos
499 2811 688 2894 clauserat,
711 2811 935 2896 simulatque
954 2811 1041 2880 odor
1055 2815 1202 2878 vestium
1221 2813 1353 2879 domini

151 2914 234 2980 Iesu
253 2912 385 2978 Christi
402 2912 500 2978 illum
517 2935 664 2997 puerum
681 2914 839 2998 contigit,
863 2915 983 2982 oculos
1000 2918 1140 3000 aperuit
1156 2935 1351 3000 magnaque

150 3038 233 3082 voce
259 3023 402 3081 matrem
427 3015 620 3082 inclamans
645 3038 770 3101 panem
794 3019 957 3101 poposcit
982 3024 1017 3085 et
1041 3025 1223 3103 acceptum
1248 3019 1352 3085 suxit.

151 3120 250 3185 Tunc
268 3124 380 3183 mater
396 3119 485 3200 eius,
510 3117 539 3185 Ο
561 3120 701 3185 domina
714 3119 843 3202 Maria,
864 3122 994 3205 inquit,
1015 3144 1108 3187 nunc
1126 3124 1273 3208 cognovi
1288 3123 1354 3187 vir·

152 3228 262 3288 tutem
284 3221 340 3287 dei
365 3221 401 3285 in
426 3226 461 3286 te
481 3221 653 3305 habitare,
680 3223 767 3288 adeo
793 3224 947 3290 ubfilius
968 3232 1050 3290 tuus
1073 3232 1174 3292 sanet
1192 3225 1353 3291 homines

153 3324 309 3391 eiusdem
333 3345 408 3389 oum
435 3325 512 3407 ipso
535 3331 679 3392 naturae
701 3327 907 3411 participes,
933 3334 1117 3412 postquam
1138 3335 1253 3396 vestes
1277 3330 1352 3394 eius

154 3428 347 3512 attigerint.
378 3427 449 3494 Hic
470 3448 559 3512 puer
579 3434 722 3495 sanatus
743 3431 774 3495 is
797 3432 926 3515 estqui
947 3432 984 3496 in
1007 3432 1187 3516 evangelio
1203 3432 1355 3498 Bartho-

154 3530 308 3597 lomaeus
325 3536 477 3596 vocatur.

605 3700 725 3769 Oneon
748 3703 894 3769 XXXI.

239 3872 327 3937 Erat
356 3894 459 3956 porro
491 3873 541 3937 ibi
571 3873 698 3939 mulier
721 3875 873 3958 leprosa,
906 3898 995 3961 qnae
1028 3878 1149 3945 adiens
1177 3878 1354 3945 dominam

153 3976 272 4040 heram
287 3974 436 4041 Mariam
455 3982 599 4042 matrem
616 3977 699 4043 Iesu
720 3977 822 4044 dixit:
856 3978 1009 4046 Domina
1030 4001 1121 4065 mea,
1144 4003 1245 4066 opem
1266 3983 1353 4049 mihi

224 4186 286 4235 Alte
294 4188 541 4250 parleumfoderuate
554 4189 594 4238 ita
605 4185 648 4239 ΓΙ.
661 4203 708 4252 pro
721 4189 961 4256 Poteamsodercat
971 4197 997 4242 et
1008 4193 1061 4243 alte
1072 4195 1171 4243 bamam
1183 4199 1329 4259 apotomae

223 4271 302 4320 XXX.
320 4273 371 4320 iam
383 4277 465 4320 aurem
474 4274 529 4322 vita
540 4274 674 4339 depascetur
685 4275 772 4326 oculor
784 4277 929 4328 clauserat.-
940 4280 980 4329 ite
993 4280 1032 4331 Fl.
1045 4296 1092 4344 pro
1105 4282 1178 4332 modo
1190 4285 1274 4330 auum
1286 4280 1355 4331 oculi

154 4356 209 4405 eius
227 4357 254 4404 ia
274 4361 403 4406 aeternum
418 4362 515 4407 nomm
532 4358 725 4411 amabantur.
770 4360 828 4420 Quo
846 4364 906 4414 loco
929 4365 1010 4415 etiam
1028 4366 1142 4418 Arabiae
1159 4367 1242 4418 verbe
1264 4382 1353 4418 emen·

156 4441 232 4492 davit
243 4441 283 4490 Fl.
