2962 4912
188 314 251 374 484
580 307 749 359 Vlnuicuu
768 305 992 358 suavisonis.

188 465 334 531 duanum
362 464 403 529 de
429 467 640 528 monumento
669 461 855 540 suscitavit3
883 457 1053 523 mulierem
1076 455 1278 525 Veronicam
1300 475 1391 538 quae

187 566 312 632 fluxum
349 565 518 648 sanguinis
555 563 745 646 patiebatur
777 560 947 627 duodecim
980 560 1076 624 annis
1110 566 1143 625 et
1172 560 1289 642 tetigit
1320 556 1391 621 fim-

187 671 294 736 briam
321 668 508 734 vestimenti
540 669 610 733 eius
642 688 758 732 sanam
789 665 875 731 fecit.
920 664 947 703 ³⁰
973 664 1067 730 Tune
1098 665 1225 748 placuit
1256 663 1389 730 domino

187 775 222 839 in
250 773 350 838 coelis
372 769 461 856 quod
487 770 575 835 filius
598 769 663 851 dei,
695 770 753 853 qui
779 771 813 835 in
841 768 927 834 huno
953 767 1109 832 mundum
1132 768 1254 833 missus
1276 773 1388 850 proto·

187 877 315 960 plastus
342 880 491 940 mortuus
517 881 568 939 est
589 875 625 938 in
646 874 759 954 terris,
786 875 934 940 mitteret
956 874 1110 958 angelum
1132 894 1241 956 suum,
1271 878 1306 938 et
1329 871 1388 938 im·

188 979 316 1063 paravit
342 976 420 1043 Tito
452 984 486 1043 et
508 977 730 1060 Vespasiano,
762 999 845 1062 quos
875 978 950 1042 novi
981 977 1016 1040 in
1046 977 1119 1042 loco
1149 978 1214 1041 isto
1246 976 1304 1041 ubi
1337 983 1387 1040 est

187 1084 305 1151 solium
333 1087 435 1147 tuum.
480 1082 526 1147 Et
557 1082 685 1165 placuit
712 1081 772 1147 deo
803 1082 1022 1164 omnipotenti
1050 1081 1137 1165 quod
1168 1087 1386 1165 pemexerunt

186 1188 221 1253 in
244 1186 405 1253 Iudaeam
428 1194 462 1253 et
483 1185 682 1268 Ierusalem,
710 1192 745 1252 et
772 1186 1061 1269 apprehenderunt
1083 1185 1231 1251 subditos
1253 1193 1330 1250 tuos
1354 1193 1388 1249 ot

187 1291 348 1355 miserunt
374 1289 409 1353 in
432 1310 469 1354 eo
492 1289 613 1355 iudicio
636 1290 732 1372 quasi
755 1288 918 1372 quomodo
940 1289 1090 1355 fecerunt
1111 1288 1244 1372 quando
1268 1309 1387 1371 appre-

187 1394 372 1462 henderunt
394 1394 517 1459 subditi
538 1394 585 1459 tui
610 1393 723 1458 Iesum
746 1401 779 1459 et
802 1394 989 1478 ligaverunt
1011 1394 1095 1458 eum.
1139 1393 1166 1433 ³¹
1188 1393 1236 1457 Et
1256 1392 1384 1476 Vespa-

187 1499 301 1564 sianus
332 1504 448 1582 postea
476 1498 559 1562 dixit
588 1497 676 1582 Quid
707 1497 866 1562 faciemus
897 1496 937 1561 de
968 1498 1019 1562 his
1051 1499 1108 1581 qui
1139 1497 1384 1563 remanebunt?

186 1601 283 1667 Titus
310 1602 481 1685 respondit
508 1601 757 1685 suspenderunt
784 1601 833 1666 illi
862 1600 1028 1666 dominum
1055 1608 1205 1667 nostrum
1232 1601 1268 1666 in
1295 1602 1383 1685 ligno

186 1704 283 1771 vin‘di
314 1712 347 1770 et
377 1704 492 1770 lancea
522 1709 757 1788 percusserunt
789 1725 880 1769 eum:
913 1725 972 1769 nos
1003 1710 1114 1770 autem
1145 1703 1383 1787 suspendamus

186 1831 242 1875 eos
264 1811 298 1875 in
326 1810 416 1893 ligno
445 1808 537 1874 arido
566 1815 599 1874 et
625 1809 742 1873 lsnoea
769 1808 973 1892 perforemus
1002 1829 1143 1891 corpora
1171 1830 1295 1874 eorum.
1338 1809 1384 1874 Et

185 1913 235 1977 ita
265 1912 423 1978 fecerunt.
468 1912 696 1995 Vespasianus
724 1918 835 1977 autem
863 1911 947 1976 dixit
974 1910 1062 1996 Quid
1086 1910 1126 1976 de
1153 1912 1226 1976 istis
1250 1912 1308 1995 qui
1336 1935 1383 1976 re-

186 2015 398 2080 manserunt?
443 2014 540 2080 Titus
567 2014 737 2097 respondit
757 2013 1060 2098 Apprehenderunt
1086 2015 1234 2080 tunicam
1260 2013 1382 2080 domini

185 2119 291 2184 nostri
318 2118 397 2184 Iesu
420 2118 545 2185 Christi
573 2124 607 2184 et
635 2118 676 2183 de
702 2119 762 2208 illa
787 2123 930 2203 quatuor
956 2126 1070 2201 partes
1097 2118 1265 2184 fecerunt:
1297 2141 1383 2184 nunc

185 2223 468 2306 apprehendamus
504 2223 579 2289 illos
616 2231 650 2288 et
685 2223 870 2289 dividamus
904 2225 939 2289 in
973 2228 1116 2307 quatuor
1152 2229 1284 2308 partes,
1321 2226 1382 2291 tibi

185 2347 296 2406 unam,
324 2327 405 2391 mihi
431 2348 545 2407 unam,
573 2326 615 2392 ad
638 2328 725 2392 viros
752 2334 827 2392 tuos
849 2326 964 2411 aliam,
990 2333 1024 2391 et
1045 2328 1157 2409 pueris
1179 2328 1263 2392 meis
1286 2349 1382 2410 quar-

184 2431 252 2490 tam
283 2433 418 2509 partem.
462 2427 510 2491 Et
539 2429 588 2493 ita
618 2428 775 2494 feserunt.
819 2429 866 2492 Et
892 2427 976 2492 dixit
998 2427 1226 2511 Vespasianus
1257 2428 1311 2494 De
1342 2431 1381 2494 iis

183 2529 240 2611 qui
268 2538 497 2595 remanserunt
525 2531 605 2614 quid
637 2537 747 2596 autem
774 2531 957 2598 faciemus?
1001 2530 1099 2597 Titus
1129 2530 1303 2615 respondit
1334 2532 1380 2598 illi

182 2629 300 2696 Iudaei
328 2631 546 2697 vendiderunt
573 2633 739 2699 dominum
766 2640 913 2699 nostrum
941 2634 1079 2716 triginta
1105 2635 1290 2718 argenteis:
1323 2657 1381 2701 nos

183 2853 352 2918 paucioribus
371 2853 399 2904 in
416 2855 590 2905 ambrosiano
608 2856 802 2919 exprimuntur.
837 2856 1011 2907 Ambrosiuno
1030 2873 1092 2908 uero
1111 2857 1219 2923 propior
1237 2874 1318 2922 quem
1332 2857 1377 2907 Ve·

184 2944 248 2988 neto
267 2943 310 2988 eut
328 2944 418 2989 textus
437 2942 676 3005 Anglosaxonious,
700 2941 746 3006 qui
765 2941 803 2991 sio
822 2941 917 2991 habet:
942 2945 1027 3008 Atque
1044 2945 1106 2993 haee
1123 2944 1207 2992 oraria
1223 2946 1306 3010 saeta
1322 2951 1378 2994 suut

179 3028 320 3086 propterea
338 3025 403 3088 quod
421 3026 514 3074 Iudaei
535 3026 631 3076 lanceis
652 3031 677 3076 el
692 3027 809 3092 fustibus
826 3023 1007 3091 percurrerunt
1026 3029 1187 3079 Saloalorerr
1206 3029 1334 3080 omarus
1355 3036 1379 3079 el

175 3109 283 3172 sae-ilua
300 3111 487 3177 suffocaverunt
503 3118 528 3162 et
546 3114 627 3162 lumea
644 3119 756 3164 aoelmm
773 3117 960 3173 exstinxerunt,
983 3119 1009 3164 el
1030 3131 1079 3164 uon
1098 3117 1172 3180 parui
1194 3121 1254 3166 ruat
1272 3121 1301 3167 ul
1320 3133 1378 3180 per·

182 3195 280 3244 aeuu'ret
301 3196 349 3244 luo
372 3195 407 3245 ad
430 3212 484 3245 ror.
527 3200 583 3247 Iam
607 3199 688 3262 lpitur
707 3199 779 3249 Titus
801 3203 827 3249 et
849 3199 1019 3264 Vespasianus
1044 3203 1209 3252 tradiderunt
1230 3218 1274 3252 eou
1296 3202 1378 3252 malae

183 3280 260 3329 uuortu'
276 3285 301 3328 et
318 3280 464 3329 oeciderunt
481 3281 573 3332 inultos
590 3284 706 3334 1uaaeoe.
744 3285 781 3333 m
799 3286 848 3334 duo
864 3285 960 3351 fideles
981 3288 1049 3336 aeria
1073 3291 1111 3338 luu'
1128 3294 1250 3338 emur
1266 3289 1300 3338 ab
1318 3291 1377 3338 Ari-

184 3365 287 3423 malluu'a,
305 3368 403 3415 uomina
414 3366 506 3431 Ioseph
517 3373 542 3418 rt
554 3369 712 3429 Nicodemur,
731 3375 756 3420 et
769 3377 901 3435 petierunt
913 3373 1060 3424 saluatoris
1077 3390 1168 3439 eorpus
1185 3380 1211 3424 el
1225 3376 1378 3439 sepelierunt

182 3448 210 3497 iu
228 3463 289 3498 uooo
307 3449 432 3511 epulcro.
469 3453 553 3516 Atque
571 3454 636 3503 telem
653 3455 706 3517 ipre
725 3455 848 3506 Salvator
865 3459 978 3507 surrexit
999 3460 1078 3508 unus
1100 3461 1142 3510 die
1164 3477 1182 3509 a
1204 3462 1327 3521 mortuis,
1353 3469 1378 3511 rt

184 3533 251 3583 uitur
268 3539 306 3583 erl
323 3535 377 3599 ipre
393 3536 528 3601 dleoipulu'u
543 3541 598 3587 uuir
615 3541 642 3587 u‘r
659 3540 745 3590 eadem
763 3558 840 3590 came
858 3545 884 3591 ia
903 3560 953 3608 qua
962 3544 1057 3608 suerat
1069 3549 1136 3606 aute,
1154 3550 1179 3595 el
1190 3547 1315 3612 discipuli
1326 3552 1379 3598 eiua

183 3622 300 3671 uiderunt
321 3639 375 3671 eura
397 3624 569 3674 arceudeulem
593 3627 619 3676 in
643 3627 746 3677 coelum.
782 3630 971 3696 Praetereaque
984 3634 1056 3697 fecit
1077 3633 1158 3682 multa
1174 3636 1304 3685 uur'raeula
1320 3640 1379 3686 aaa

183 3725 254 3758 uam
267 3711 426 3771 partiorem.-
443 3713 576 3763 cursitavit
594 3719 705 3765 mortuae
721 3721 747 3765 et
764 3716 920 3768 illuminavit
936 3735 1025 3770 oaeeou
1042 3725 1068 3770 el
1085 3722 1216 3773 mundarit
1227 3723 1344 3789 hyaroe
1354 3731 1378 3776 el

183 3794 282 3858 expulit
295 3795 436 3846 diabolicos
453 3799 558 3857 morter,
576 3805 602 3849 et
618 3799 675 3850 alia
689 3802 769 3865 plu-ra
778 3805 869 3868 sortia
885 3821 964 3868 opera
977 3809 1155 3871 perpetrarit:
1172 3815 1198 3860 el
1209 3812 1304 3861 Iudaei
1314 3814 1378 3863 ocei-

182 3882 274 3932 deruut
291 3900 345 3933 eum
362 3885 416 3934 uiue
435 3885 488 3936 ullo
506 3889 610 3937 maraine
627 3894 653 3939 el
669 3892 851 3953 suspenderunt
869 3893 895 3941 ia
912 3893 1004 3944 ardore
1021 3896 1108 3946 uiridi.

268 3971 309 4019 30.
340 3969 416 4020 Hunc
436 3977 520 4022 totum
539 3975 686 4025 sectionem
705 3977 779 4026 ASex
799 3978 924 4043 exprimit
943 3979 984 4029 his
1009 3981 1047 4030 Et
1067 3982 1138 4033 Nus
1158 3987 1184 4033 et
1206 3985 1379 4049 Vespasianus

183 4053 308 4105 cumulate
330 4055 497 4107 reddiderunt
518 4061 555 4109 eu'u
571 4061 746 4121 haecomnia,
767 4067 953 4128 proptereaque
970 4067 1152 4128 sumendorum
1170 4071 1282 4120 Iudaeos
1301 4073 1379 4136 pedes

182 4154 279 4193 uurruau
296 4147 322 4193 et
339 4149 416 4207 eaput
431 4145 555 4197 morsum.

268 4231 310 4279 ³1.
340 4230 438 4280 Rarum
457 4232 523 4282 haee
541 4233 696 4284 brevissime
715 4235 790 4285 ASux
812 4237 893 4287 hebet
917 4253 1029 4304 pergens
1054 4239 1179 4292 Salautor
1200 4247 1300 4294 oceane
1321 4254 1380 4298 erol

183 4314 237 4363 aue
253 4313 307 4363 ullo
325 4315 443 4373 ariusium·
464 4321 490 4366 el
507 4318 598 4367 Iudaei
611 4321 687 4384 parri
703 4324 762 4370 ruut
778 4321 1038 4386 ignominiosissima
1054 4330 1172 4386 meur,
1189 4334 1215 4379 el
1232 4347 1320 4381 aarum
1339 4350 1379 4382 uo

184 4400 251 4450 uulua
269 4402 394 4452 exstincta
410 4408 469 4454 uus
485 4405 517 4454 (le
534 4408 590 4455 rora
607 4410 679 4457 terra
696 4410 899 4473 quemadmodum
916 4417 1069 4463 mm.
