2962 4912
350 324 683 385 macno-usurum
702 332 942 385 avuncunlum.
970 333 1044 385 CAP.
1062 334 1140 385 XXX.
1305 335 1345 398 97

134 478 233 548 dicit
248 504 366 548 verum
383 490 445 564 est,
464 489 499 548 et
515 482 719 567 frequenter
734 491 921 568 antequam
937 485 1032 551 dicat
1048 485 1268 568 adimpletur.
1299 485 1347 550 Et

136 594 372 651 accesserunt
388 592 552 671 parentes
568 587 669 668 pueri
687 587 814 651 mortui
835 585 879 650 ad
896 586 1025 670 Ioseph
1047 594 1081 653 et
1098 587 1262 653 dixerunt
1278 587 1345 652 illi:

141 683 247 770 Tolle
272 690 377 753 istum
402 689 520 755 iesum
546 688 588 753 de
614 688 691 753 loco
719 689 802 769 isto;
833 711 902 754 non
930 692 1022 754 enim
1047 697 1165 774 potest
1188 690 1345 755 habitare

146 791 329 856 nobiscum
345 792 381 856 in
399 792 465 857 hoc
481 791 684 875 municipio.
715 789 790 856 Aut
807 798 900 856 certe
918 792 1004 858 doce
1020 791 1120 858 illum
1135 793 1345 858 benedicere
1389 804 1391 807 ’

147 902 187 959 et
202 915 268 959 non
284 894 506 960 maledicere.
529 893 694 960 Accessit
709 900 825 959 autem
842 893 971 978 Ioseph
988 896 1031 959 ad
1047 894 1165 961 Iesum
1183 901 1217 960 et
1233 916 1349 960 mone·

152 995 212 1062 bat
235 1017 310 1060 eum
339 996 476 1063 dicens:
516 997 565 1063 Ut
591 997 675 1080 quid
700 997 786 1062 talia
811 995 922 1062 lacis?
961 997 1035 1063 Iam
1061 999 1161 1064 multi
1187 997 1347 1063 dolentes

157 1107 271 1166 contra
292 1107 326 1164 te
350 1110 447 1181 sunt,
474 1107 509 1165 et
530 1106 728 1184 propterte
751 1100 883 1166 habent
903 1121 966 1165 nos
988 1101 1084 1181 odio,
1115 1108 1150 1166 et
1169 1100 1348 1166 molestias

159 1203 326 1268 hominum
348 1203 561 1267 sustinemus
582 1209 725 1286 propter
745 1210 791 1268 te.
822 1202 1054 1285 Respondens
1074 1203 1175 1269 Iesus
1197 1203 1285 1268 dixit
1305 1202 1349 1268 ad

166 1304 294 1388 Ioseph:
323 1303 453 1371 Nullus
469 1305 563 1370 filius
580 1306 719 1388 sapiens
737 1310 791 1371 est
807 1307 875 1370 nisi
893 1326 995 1389 quem
1011 1312 1112 1389 pater
1128 1327 1211 1371 suns
1228 1327 1350 1370 secun·

165 1411 234 1476 dum
254 1407 437 1473 scientiam
458 1409 562 1473 huius
583 1408 750 1490 temporis
773 1408 955 1489 erudierit,
983 1415 1018 1473 et
1041 1410 1151 1492 patris
1173 1409 1227 1473 sui
1247 1407 1350 1472 male·

167 1513 280 1577 dictum
300 1511 433 1575 nemini
455 1517 558 1577 nocet
582 1512 650 1576 nisi
671 1511 760 1576 male
783 1511 980 1595 agentibus.
1026 1510 1125 1576 Tunc
1148 1510 1350 1594 congregati

170 1620 237 1682 sunt
253 1613 417 1679 adversus
439 1615 556 1679 Iesum
578 1620 613 1679 et
634 1615 848 1679 accusabant
870 1635 947 1679 eum
970 1613 1014 1679 ad
1036 1613 1175 1697 Ioseph.
1215 1612 1265 1678 Ut
1284 1612 1350 1677 hoc

170 1718 239 1783 sidit
248 1715 385 1799 Ioseph,
406 1718 616 1800 perterritus
637 1724 690 1781 est
700 1717 855 1798 nimium,
873 1716 1078 1781 timensvim
1096 1721 1131 1780 et
1141 1715 1350 1780 seditionem

173 1819 272 1906 populi
288 1818 412 1884 Israel.
446 1819 581 1884 Eadem
597 1821 684 1884 hora
705 1818 939 1902 apprehendit
954 1818 1055 1884 Iesus
1078 1817 1249 1883 infantem
1264 1837 1352 1882 mor·

174 1934 252 1990 tunm
266 1921 308 1986 ab
325 1943 409 1988 aure
428 1931 462 1988 et
478 1922 663 2006 suspendit
680 1944 757 1988 eum
774 1929 904 1987 aterna
924 1922 960 1986 in
978 1925 1168 2003 conspeetu
1186 1920 1350 2000 omniurn,

173 2024 369 2092 striderunt
388 2025 507 2090 Iesum
532 2025 735 2108 loquentem
760 2046 837 2090 cum
863 2046 903 2090 eo
932 2030 1099 2107 tanquam
1118 2028 1253 2105 patrem
1275 2043 1351 2086 cum

176 2130 320 2195 filiosuo.
356 2127 404 2192 Et
426 2149 583 2194 reversus
607 2135 661 2193 est
683 2130 827 2212 spiritus
849 2149 932 2193 suus
955 2127 991 2191 in
1012 2128 1139 2209 ipsum,
1163 2131 1198 2190 et
1218 2125 1351 2190 revixit.

176 2233 211 2298 Et
223 2232 330 2296 mirati
347 2238 430 2296 sunt
445 2231 609 2296 universi.

618 2452 739 2520 Gneur
762 2451 887 2517 XXX.

244 2607 432 2690 ¹Magister
447 2613 563 2673 autem
575 2607 715 2691 quidam
726 2607 880 2673 iudaeus
897 2607 1036 2672 nomine
1048 2603 1204 2688 Zachyas
1222 2602 1355 2668 audivit

175 2711 243 2776 talia
260 2711 376 2776 Iesum
398 2711 503 2777 rerba
523 2712 739 2795 loquentem,
768 2720 803 2777 et
822 2710 944 2776 videns
968 2710 1051 2793 quia
1073 2715 1148 2774 erat
1174 2708 1353 2790 insupera-

177 2813 242 2880 bilis
256 2814 403 2879 scientia
417 2815 557 2880 virtutis
574 2817 610 2880 in
628 2836 668 2880 eo
686 2815 800 2880 factus
818 2820 872 2879 est
883 2813 1016 2893 dolens,
1034 2811 1197 2894 ctcoepit
1212 2810 1354 2874 indisci-

176 2916 284 3001 plinate
306 2924 341 2982 et-
357 2918 463 2983 stultc
488 2925 523 2983 et
541 2919 616 2984 sine
634 2919 757 2984 timore
774 2917 871 3000 loqui
890 2921 1012 2981 contra
1027 2913 1167 2996 Ioseph.
1198 2912 1246 2978 Et
1262 2912 1353 2977 dice·

176 3110 315 3174 scripsimus.
332 3107 336 3176 Ι
351 3111 520 3159 accusabant:
535 3112 573 3160 its
584 3111 612 3160 in
626 3111 717 3160 codice
730 3127 777 3176 por
790 3109 977 3173 compendium
991 3108 1119 3170 scriptum
1133 3112 1183 3158 est.
1209 3104 1352 3156 consentit

175 3192 273 3243 codicum
285 3206 302 3242 Β
315 3199 344 3244 et
356 3209 375 3244 n
389 3196 531 3259 scripturn.
562 3195 676 3260 Propter
689 3211 720 3245 es
733 3211 800 3259 quae
814 3199 963 3256 sequuntur
980 3192 1026 3254 (od
1038 3192 1138 3255 Ioseph.
1177 3191 1211 3240 Ut
1226 3192 1272 3240 lsoc
1287 3191 1353 3240 cidit

174 3278 255 3342 Iosepl)
266 3281 394 3344 suspicari
409 3281 496 3344 possis
510 3277 683 3346 adducebant}
697 3298 771 3330 susus:
784 3279 867 3330 code:
880 3264 920 3327 scs
933 3276 961 3340 (i.
972 3293 993 3326 e.
1008 3277 1137 3338 sanctus),
1151 3276 1236 3326 codex
1246 3290 1264 3325 υ
1275 3277 1328 3324 eius

228 3364 270 3413 Per
278 3369 364 3415 totum
375 3372 457 3429 ceput
467 3379 486 3414 1>
498 3368 635 3416 consentit
646 3368 701 3416 fere
713 3382 771 3416 cum
782 3380 813 3414 a:
833 3365 933 3414 Deinde
945 3363 1025 3412 tenuit
1035 3362 1127 3426 Ioseph
1136 3362 1227 3420 lesmn,
1240 3366 1266 3410 et
1278 3362 1350 3410 ibat-

173 3453 238 3497 uer
245 3451 293 3499 eise
302 3452 403 3500 cumeis
415 3476 424 3487 ·
437 3467 542 3500 currens
552 3467 606 3500 cum
614 3469 643 3502 eo
653 3451 754 3516 impulit
762 3467 839 3515 super
847 3452 962 3499 humeros
971 3449 1020 3497 Ies.
1032 3447 1117 3496 volens
1125 3463 1179 3495 eum
1192 3447 1293 3496 eludere
1306 3451 1352 3495 aut

175 3550 244 3584 meere
254 3537 275 3584 ei
285 3538 308 3584 si
315 3543 411 3601 posset.
430 3538 545 3586 Etdieit
556 3538 579 3586 es'
593 3564 601 3574 ·
618 3537 668 3599 Qui
679 3539 766 3586 statim
779 3563 787 3573 ·
801 3541 845 3586 est.
865 3535 1016 3586 Exclamas.
1031 3538 1113 3582 osrtem
1126 3534 1350 3598 -sactumsuerot,

175 3620 213 3668 die.
236 3622 299 3670 Unde
310 3627 363 3670 sut.
377 3628 415 3672 est
425 3639 490 3686 puer
502 3625 566 3672 iste?
579 3649 587 3659 ·
601 3624 661 3687 quia
673 3639 743 3672 oltzne
757 3649 764 3659 -
778 3624 816 3672 Et
828 3625 987 3672 accesserunt
999 3621 1033 3668 ad
1046 3620 1097 3668 Ios.
1111 3623 1136 3666 et
1148 3619 1200 3666 dre.
1212 3616 1252 3666 ei.¹
1280 3618 1351 3668 Tolle

174 3705 232 3754 imm
240 3706 322 3756 Iesum.
345 3708 402 3757 Nos
415 3710 479 3756 enim
487 3713 573 3772 potest
584 3709 625 3756 dic
637 3733 646 3744 ·
660 3709 685 3756 im
698 3710 840 3772 suunicipio.
863 3711 917 3757 Aut
928 3712 956 3755 tu
965 3706 1026 3755 doce
1038 3720 1092 3754 eum
1104 3729 1113 3740 ·
1127 3704 1256 3752 decedens
1268 3708 1351 3752 autem

177 3789 216 3839 Ios.
229 3794 257 3840 sd
269 3810 374 3858 mrum
392 3795 507 3843 revomebat
519 3796 608 3859 -faris
626 3795 709 3844 tolia?
734 3795 800 3844 Nom
816 3795 888 3843 multi
901 3821 909 3831 -
922 3794 1078 3843 sustinemus.
1103 3790 1245 3854 Respondit
1257 3790 1306 3839 Ies.
1325 3794 1350 3838 et

174 3875 228 3927 disit
237 3904 244 3914 -
254 3881 351 3944 sapiens
363 3881 413 3928 nisi
425 3897 495 3943 quem
504 3885 582 3944 pater
594 3898 653 3930 suus
665 3882 819 3945 sapienciom
831 3881 903 3928 dutus
911 3879 997 3928 mundi
1005 3877 1129 3933 docuerit,
1142 3879 1167 3924 et
1175 3877 1264 3939 patris
1273 3875 1349 3925 male·

175 3960 271 4011 dirissi-
288 3966 441 4014 accusabant
458 3983 512 4015 eum
531 3967 565 4014 ad
583 3967 633 4016 Ios.
666 3967 739 4029 Quod
757 3967 843 4014 cidens
859 3965 910 4014 Ios.
929 3991 937 4001 ·
956 3966 1045 4012 tinrem
1057 3961 1151 4026 populi
1167 3963 1207 4010 sui
1224 3963 1349 4011 seviciam.

179 4046 254 4098 dudem
268 4067 326 4114 erpo
337 4052 402 4100 dora
415 4053 464 4100 les.
483 4050 589 4117 appreh.
602 4058 676 4102 mort.
686 4068 792 4117 puerum
806 4077 814 4087 ·
827 4067 911 4101 omues
923 4050 1005 4098 Iesum
1018 4075 1026 4085 ·
1039 4053 1160 4112 tauquam
1172 4048 1306 4114 cumjllio,
1325 4052 1350 4096 et

177 4133 261 4196 spiritus
272 4138 323 4186 eise
334 4138 428 4186 reris-it
441 4138 466 4186 in
480 4139 568 4202 ipsum.
593 4140 631 4188 Et
643 4140 766 4187 odinis-uti
778 4155 798 4187 s.
811 4138 878 4186 onis

231 4221 297 4273 XXX.
320 4223 394 4273 Haec
416 4224 531 4273 historin
553 4227 582 4274 in
600 4223 692 4274 codice
714 4235 730 4271 Β
750 4223 871 4286 sequitur
894 4220 1018 4269 absoluta
1040 4231 1157 4282 eaquae
1179 4232 1238 4266 cum
1260 4218 1348 4280 cupite

178 4314 251 4356 nostro
261 4309 401 4360 xxxvul.
416 4313 551 4362 convenit.

233 4394 251 4442 1.
267 4395 388 4463 Zoclsyus:
408 4398 447 4446 ita
460 4404 617 4447 constanter
634 4397 764 4460 scriptum
783 4400 825 4444 est
843 4393 871 4442 iu
887 4391 980 4442 codice
993 4404 1025 4449 Δ,
1045 4391 1074 4439 in
1086 4402 1105 4438 1>
1118 4389 1219 4453 legitur
1231 4389 1347 4437 ausuras.

181 4472 208 4525 lu
216 4477 261 4528 cod
271 4493 287 4529 s
298 4488 338 4532 est
350 4483 504 4531 Zoclameus
517 4487 545 4530 ot
557 4481 682 4539 medens,
701 4480 839 4529 Zachaeus.
868 4476 941 4536 Quae
954 4476 1088 4542 posterior
1101 4472 1217 4524 eiusdem
1232 4473 1347 4523 nominis

221 4557 291 4612 Esus.
299 4574 372 4614 apocr.
383 4565 419 4604 ed.
430 4563 589 4604 Tischendorf.
608 4564 648 4605 Ed.
663 4564 690 4603 11.
1117 4561 1131 4609 7
