2962 4912
139 325 216 371 m
609 309 882 362 erosnoounus.
952 331 954 334 <

139 461 257 543 monii,
285 461 375 543 quod
398 461 497 544 quale
525 461 627 526 luerit
655 463 768 526 statim
796 462 992 546 explicatius
1016 462 1177 543 dicemus,
1206 461 1348 527 alterius

139 571 247 636 altera
269 577 414 655 angeret

225 682 290 749 Sed
318 684 384 748 iam
411 683 588 748 tractanda
615 685 759 750 breviter
787 686 883 751 nobis
911 692 964 750 est
992 686 1103 768 gravis
1127 684 1280 769 quaestio
1304 682 1345 749 de

139 796 180 860 iis
195 795 299 860 Pilati
321 794 404 860 actis
422 816 507 877 quae
530 800 634 861 testes
656 797 764 861 nostri
786 797 884 880 longe
906 797 1040 880 plurimi
1063 817 1098 862 se
1120 797 1246 862 referre
1268 816 1346 878 pro·

138 905 284 972 fitentur.
330 905 405 991 Qua
434 909 468 971 in
495 929 532 973 re
560 908 740 990 repetenda
769 914 820 974 est
847 910 1007 974 memoria
1034 908 1167 973 illorum
1192 913 1346 975 actorum

137 1018 257 1101 Pilati,
285 1019 437 1102 adquae
465 1019 532 1084 iam
555 1018 707 1085 Iustinus
735 1020 786 1084 bis
812 1027 987 1103 provocat,
1019 1021 1098 1085 item
1125 1020 1238 1104 paullo
1268 1023 1347 1102 post

138 1129 381 1211 Tertullianus,
404 1137 504 1215 atque
528 1133 608 1196 item
630 1137 708 1215 post
730 1132 829 1197 hosce
852 1132 909 1197 alii
932 1132 1037 1197 multi.
1081 1132 1177 1198 Haec
1199 1153 1242 1197 an
1265 1151 1346 1196 vera

137 1239 241 1307 Pilati
265 1247 341 1307 acte
363 1242 496 1323 fuerint,
519 1244 561 1309 ab
584 1244 656 1327 ipso
680 1243 732 1308 vel
755 1244 859 1326 ipsius
881 1245 1083 1309 auctoritate
1100 1244 1291 1326 conscripta
1306 1262 1346 1307 ac

137 1352 281 1419 Romam
304 1354 346 1427 ad
368 1355 604 1438 imperatorem
627 1356 737 1434 missa,
761 1354 873 1438 qualia
893 1356 1059 1421 exstitisse
1077 1376 1178 1438 quum
1197 1378 1239 1419 ex
1260 1354 1347 1419 anti·

139 1487 204 1549 quo
228 1487 329 1544 more,
354 1467 447 1531 cuius
470 1467 566 1531 testis
589 1467 689 1531 etiam
705 1466 869 1532 Eusebius
893 1468 986 1549 est1),
1010 1471 1082 1532 tum
1104 1489 1144 1533 ex
1160 1466 1345 1531 traditione

137 1577 275 1642 ultimae
298 1577 510 1645 Christianae
534 1578 748 1661 antiquitatis
772 1578 970 1660 communia
993 1578 1166 1661 probabile
1188 1577 1241 1660 fit,
1264 1576 1301 1641 id
1324 1598 1344 1641 a

137 1689 269 1753 nemine
292 1689 411 1771 opinor
435 1689 521 1753 serio
545 1689 661 1772 quaeri
683 1694 803 1771 potest.
836 1689 871 1754 A
893 1690 1026 1772 seriptis
1050 1690 1137 1754 enim
1159 1688 1345 1754 iudiciariis

139 1781 301 1864 eiusmodi
324 1821 363 1865 ea
388 1822 472 1884 quae
496 1800 572 1865 inde
595 1800 779 1865 afferuntur
801 1822 821 1865 a
843 1800 991 1883 Iustino,
1019 1800 1226 1867 Tertulliano
1255 1799 1345 1864 aliis·

139 1932 212 1993 que,
234 1932 372 1994 prorsus
395 1911 584 1976 abhorrent.
609 1911 710 1991 (Vide
730 1918 831 1995 post.)
869 1913 925 1977 An
948 1913 1051 1994 igitur
1074 1913 1187 1995 spuria
1208 1911 1345 1976 fuerunt

137 2043 281 2104 quorum
296 2028 413 2087 auctor
428 2025 561 2088 nomine
576 2023 682 2087 Pilati
697 2044 757 2105 per
772 2022 922 2088 fraudem
938 2022 1154 2088 abuteretur?
1178 2021 1219 2086 Id
1234 2023 1345 2105 ipsum

138 2155 178 2198 ex
201 2132 323 2198 Iustini
349 2134 482 2217 quidem
505 2135 613 2199 verbis
637 2140 728 2199 certo
752 2133 838 2199 effici
862 2135 993 2216 nequit,
1021 2156 1123 2217 quum
1151 2138 1345 2199 constanter

137 2244 240 2310 dicat·
259 2248 296 2309 ἑκ
322 2252 396 2330 τῶμ
426 2249 487 2309 ἐστὶ
518 2247 664 2329 Πομτῑου
688 2245 841 2308 Πιλάτου
864 2248 1064 2330 γεμομέμωμ
1089 2245 1203 2330 ἅκτωμ
1228 2246 1344 2329 μαθεῖμ

138 2357 292 2440 δύμασθε.
337 2357 456 2439 Neque
480 2358 585 2440 magis
609 2357 643 2421 id
665 2363 784 2440 postea
808 2379 827 2421 a
849 2356 1017 2440 plerisque
1040 2356 1202 2421 creditum
1225 2356 1345 2439 esse³),

136 2470 299 2533 coniicere
322 2467 401 2532 licet
426 2490 465 2532 ex
489 2465 646 2552 ἁμαῲορὰ
663 2469 825 2543 Πιλάτου,
850 2469 911 2549 cui,
935 2475 1095 2550 tanquam
1118 2468 1160 2532 ad
1182 2467 1217 2531 id
1235 2469 1345 2550 ipsum

136 2580 281 2662 scriptae
310 2585 348 2643 ut
376 2579 418 2643 ad
447 2578 624 2644 Caesarem
652 2581 857 2659 mitteretur,
889 2579 989 2643 etiam
1022 2584 1097 2643 acta
1128 2578 1186 2643 illa
1214 2578 1345 2644 adiecta

136 2711 209 2755 esse
238 2690 350 2773 plures
380 2690 509 2756 codices
543 2689 779 2774 significem).
823 2689 1049 2755 Nihilominus
1073 2711 1158 2772 quae
1186 2690 1266 2772 „suh
1289 2688 1345 2754 Pi·

137 2802 205 2867 lato
230 2801 399 2866 confecta“
422 2801 477 2866 ille
495 2802 575 2866 dicit
597 2807 681 2883 acta,
705 2823 855 2886 quaeque
879 2807 956 2885 post
979 2801 1044 2882 alii,
1067 2807 1249 2884 praeeunte
1265 2800 1369 2866 Ter·

225 3019 248 3083 1)
269 3021 311 3070 cf.
332 3022 427 3071 histor.
447 3023 543 3070 eccles.
562 3021 603 3079 11,
623 3024 647 3071 2.
682 3017 817 3070 ωαλαιοῦ
842 3013 1058 3084 κεκρατηκότοσ
1083 3016 1175 3069 {douo
1193 3021 1260 3068 roio
1277 3019 1344 3087 τῶμ

137 3101 236 3175 ἐθμώμ
256 3101 377 3171 ἄρχουσι
397 3100 434 3156 τὰ
453 3101 539 3171 ωαρὸ
559 3105 639 3173 σφίσι
661 3101 917 3175 καιμοτομούμεμα
936 3103 982 3171 τῷ
1001 3101 1058 3174 reip
1079 3105 1226 3176 Βασιλειομ
1244 3101 1343 3176 ἁρχὲιμ

137 3190 343 3258 ἑωικρατοῡμτι
363 3192 527 3261 σιιμαῑμειμ.
1109 3191 1111 3194 ’

224 3280 248 3344 ²)
268 3282 394 3346 Inprimis
413 3291 539 3346 respectu
558 3282 640 3346 digna
658 3287 723 3331 sunt
741 3283 898 3332 testimonis
916 3284 1042 3332 Actorum
1066 3281 1266 3346 praesidialium
1284 3297 1346 3345 pss-

137 3369 221 3417 sionis
241 3367 356 3417 Tarachi
375 3367 455 3416 Probi
480 3373 508 3415 et
527 3366 674 3415 Andronici
698 3371 726 3416 et
745 3367 869 3432 Mas-tyrii
893 3366 996 3432 ignatii
1020 3366 1187 3431 interpolati.
1230 3365 1263 3415 ln
1288 3365 1347 3415 illis

137 3453 208 3502 enim
227 3452 360 3501 Maximus
379 3466 486 3514 praeses
505 3450 538 3500 sd
558 3450 738 3500 Andronicum
758 3450 827 3501 dicit
852 3448 958 3514 Μωρέ,
982 3446 1075 3498 τοῦτο
1100 3445 1151 3498 οῦκ
1176 3444 1273 3506 oidoo,
1299 3440 1344 3498 ὅτι

136 3533 172 3605 ὀμ
197 3532 325 3601 {mireari
349 3527 518 3602 dpdpmmop
544 3531 717 3601 κακοῦργομ,
740 3531 805 3584 urob
825 3533 960 3601 {porcino
977 3529 1063 3603 τιμὸσ
1083 3527 1215 3584 Πιλάτου
1235 3527 1345 3603 ιἰγεμό·

138 3637 194 3691 poc
211 3619 327 3689 &pepon
348 3619 380 3689 ἐμ
401 3618 536 3685 σταυρῷ,
558 3612 594 3669 οὓ
615 3619 656 3669 καὶ
674 3610 886 3688 ὑωομμιὶματα
905 3614 1101 3686 κατάκειμται;
1126 3618 1167 3670 Cf.
1186 3621 1291 3671 Palisd.
1312 3621 1346 3671 do

137 3713 194 3761 vita
213 3710 350 3774 chrysost.
370 3709 410 3758 ed.
430 3710 515 3758 Emer.
535 3710 627 3773 Bigot.
654 3725 679 3772 p.
699 3711 772 3764 280„
799 3709 864 3757 item
884 3707 1019 3756 Valesium
1044 3707 1077 3755 sd
1096 3707 1159 3755 Ilus.
1186 3707 1253 3755 hist.
1274 3707 1344 3757 eccl.

138 3793 183 3853 1x,
202 3795 227 3842 5.
265 3796 353 3857 Atque
374 3794 403 3841 in
421 3793 548 3856 martyrio
568 3792 670 3856 ignatii
689 3791 894 3854 (interpolatum
912 3790 1032 3840 creditur
1050 3791 1157 3839 saeculo
1176 3791 1234 3839 iere
1253 3790 1345 3851 sexto)

137 3880 252 3930 Traiano
275 3880 435 3928 Antiochiae
459 3881 573 3928 relatum
597 3894 655 3928 esse
679 3877 791 3934 dicitur,
820 3877 955 3942 Ignatium
979 3876 1133 3925 hominibus
1157 3876 1260 3925 cultum
1286 3876 1344 3925 fera

138 3967 257 4016 divinum
277 3966 387 4016 snsdere
407 3966 508 4016 Christi
531 3972 616 4016 morte
641 3966 727 4015 crucis
748 3967 871 4015 aPilsto
890 3965 993 4022 affecti,
1022 3963 1069 4011 deo
1091 3956 1130 4010 τὰ
1152 3960 1222 4026 ωερί
1247 3959 1342 4012 αὐτου

138 4044 320 4118 ὁιὸάσκουσιμ
339 4045 557 4119 ὑωομμιῆματα.

224 4134 248 4198 ³)
267 4136 344 4194 Quod
364 4137 386 4186 si
406 4142 498 4186 auctor
518 4137 621 4200 prologi
641 4135 777 4192 credebat,
797 4134 866 4183 nihil
886 4135 1005 4197 ineptius
1024 4134 1125 4198 fingere
1143 4136 1252 4196 peterat
1265 4147 1345 4196 quom

139 4222 272 4272 hebraicis
291 4238 322 4272 es
340 4223 443 4271 litteris
461 4223 615 4285 conscripta
634 4222 727 4270 fuisse.
767 4221 837 4269 ilinc
855 4236 889 4269 sn
909 4219 1056 4270 crediderit
1074 4219 1178 4269 dubito.

223 4306 248 4370 4)
268 4308 310 4357 Cf.
330 4308 402 4357 infra
421 4324 481 4372 pag.
494 4311 555 4357 413.
587 4304 603 4353 ὁ
623 4300 676 4372 clip
698 4300 832 4354 Πιλᾶτοσ
851 4301 916 4371 μετ>
939 4302 1047 4353 οἶκείασ
1066 4298 1160 4355 αὐτοῦ
1179 4297 1344 4369 ἁμαῲορᾶσ

139 4391 314 4462 ἐξὲωεμψεμ
334 4388 411 4442 αὐτὰ
429 4389 475 4455 τῴ
496 4389 624 4455 Καίσαρι.
