2962 4912
148 310 212 373 418
503 311 630 364 avane.
649 311 826 365 arconnur
852 311 939 363 rurs
957 311 996 362 11.

149 463 191 528 ad
222 483 281 528 nos
312 462 563 547 osculantesque
595 463 637 529 ad
668 464 825 547 invicem,
860 463 940 547 quia
971 461 1040 527 cari
1071 461 1178 525 nostri
1211 459 1336 528 fuerunt

149 567 262 651 amici,
297 568 571 651 interrogavimus
603 589 674 633 eos:
715 568 829 633 Dicite
861 567 971 650 nobis,
1008 566 1107 631 amici
1144 570 1178 630 et
1214 563 1335 651 fratres,

149 693 234 756 quae
257 676 308 737 est
330 672 412 737 haec
441 672 552 738 anima
581 680 613 737 et
641 673 743 739 caro?
781 679 813 738 et
842 673 898 756 qui
927 678 1003 737 sunt
1033 671 1089 736 isti
1122 691 1196 735 curn
1224 671 1335 754 quibus

147 774 311 860 pergitis?
349 781 383 840 et
409 777 573 859 quomodo
602 777 820 860 corporaliter
847 776 989 841 manetis
1017 775 1074 858 qui
1097 773 1176 839 olim
1199 774 1334 842 defuncti

146 877 282 944 fuistis?

234 998 331 1084 ²Qui
359 999 597 1083 respondentes
625 998 791 1065 dixerunt:
822 997 1080 1063 Resurreximus
1108 1017 1184 1062 cum
1213 993 1334 1065 Christo

147 1103 188 1167 ab
219 1103 351 1187 inferis,
388 1110 422 1168 et
452 1104 522 1187 ipse
552 1104 761 1169 resuscitavit
791 1125 852 1169 nos
883 1124 904 1167 a
935 1103 1083 1168 mortuis.
1132 1101 1181 1166 Et
1210 1122 1252 1166 ox
1282 1102 1334 1170 hoc

147 1202 260 1268 sciatis
284 1203 372 1287 quod
400 1203 589 1270 destructae
620 1209 697 1269 sunt
718 1209 837 1286 portae
859 1203 976 1268 mortis
998 1208 1033 1267 et
1053 1201 1283 1285 tenebrarum,
1306 1213 1335 1270 et

147 1308 276 1373 animae
298 1314 487 1374 sanctorum
509 1309 586 1374 indc
609 1315 686 1374 sunt
709 1314 857 1375 exemtae
880 1308 970 1373 etin
992 1308 1121 1373 caelum
1146 1307 1334 1374 conscende·

146 1415 223 1474 runt
254 1431 328 1475 cum
359 1410 493 1477 Christo
526 1411 670 1477 domino.
721 1409 809 1476 Nam
840 1418 873 1476 et
905 1411 1001 1476 nobis
1031 1412 1074 1476 ab
1105 1412 1179 1494 ipso
1212 1408 1334 1476 domino

145 1519 359 1596 praeceptum
381 1521 433 1579 est
455 1520 492 1580 ut
514 1521 664 1599 tempore
687 1515 863 1600 praefinito
883 1515 1149 1598 perambulemus
1164 1514 1256 1597 ripas
1270 1514 1334 1581 Ior-

145 1618 239 1682 danis
271 1623 305 1683 et
329 1625 476 1703 montes3
507 1624 617 1686 tamen
644 1641 712 1686 non
733 1619 892 1685 'omnibus
915 1623 1114 1702 apparentes
1137 1639 1246 1702 neque
1269 1640 1335 1686 cunr

145 1723 295 1788 omnibus
328 1724 503 1807 loquentes
530 1725 593 1789 nisi
622 1726 741 1808 quibus
770 1726 800 1790 ei
827 1723 1000 1808 placuerit.
1043 1723 1090 1788 Et
1111 1722 1212 1788 modo
1235 1744 1334 1808 neque

144 1826 235 1910 loqui
264 1847 371 1911 nsque
401 1848 564 1912 apparere
587 1829 680 1894 vobis
707 1829 928 1912 potuissemus
956 1827 1019 1893 nisi
1042 1849 1062 1892 a
1085 1827 1205 1910 spiritu
1228 1833 1334 1893 sancto

144 1928 240 1993 nobis
261 1931 458 2012 permissum
480 1929 606 1996 fuisset.

229 2049 441 2116 ³Audientes
468 2057 577 2116 autem
605 2050 688 2115 lraec
717 2051 823 2115 omnis
851 2048 1027 2115 multitudo
1050 2069 1137 2132 quae
1164 2047 1283 2113 aderat
1304 2049 1332 2114 in

144 2151 300 2233 coneilio,
328 2153 448 2217 timore
476 2152 645 2234 perterriti
674 2172 712 2216 ac
734 2157 879 2216 tremore
902 2149 1110 2215 mirabantur
1134 2150 1161 2214 si
1185 2148 1268 2214 haec
1287 2171 1332 2215 rc·

143 2252 266 2318 raciter
298 2252 387 2317 sacta
416 2252 557 2317 fuissent
589 2273 673 2335 quae
704 2252 758 2317 isti
788 2251 935 2319 Galilaei
965 2251 1196 2316 testificantur.
1248 2249 1331 2316 Tunc

144 2353 289 2438 Caiphae
311 2359 345 2418 et
359 2353 477 2419 Annas
493 2353 648 2419 dixerunt
670 2352 825 2418 concilio:
847 2351 950 2419 Modo
973 2373 1134 2437 apparere
1157 2352 1262 2418 habet
1280 2375 1329 2438 per

142 2457 252 2522 omnia
275 2477 360 2540 quae
384 2457 439 2520 isti
463 2455 631 2522 testificati
656 2463 746 2538 sunt,
769 2457 862 2539 prius
885 2461 919 2520 et
940 2456 1119 2539 posterius:
1152 2456 1181 2520 si
1204 2456 1267 2520 hoc
1286 2477 1327 2522 re

143 2636 352 2645 μὴ’-ι*

140 2738 175 2786 od
198 2739 261 2797 iiia,
288 2738 446 2802 copiosiores
466 2738 608 2803 manifesto.
649 2735 717 2799 Quor
738 2736 973 2800 interroyaoimurl
996 2736 1082 2787 Dicite
1100 2736 1173 2787 sotir
1191 2773 1199 2787 .
1216 2776 1222 2789 .
1240 2749 1255 2789 c
1270 2736 1323 2804 onl

141 2840 205 2888 quoe
224 2828 262 2873 erl
281 2822 310 2886 (Δ
326 2821 397 2886 erut)
415 2825 478 2873 doec
494 2826 579 2873 orioro
598 2823 627 2884 (r
644 2824 691 2872 doe
709 2826 810 2873 mimae
827 2827 852 2874 ei
869 2840 931 2873 coro
949 2823 1026 2889 (quid
1045 2839 1062 2876 Δ
1080 2823 1181 2875 hubert
1201 2839 1255 2874 non
1271 2827 1323 2877 uti·

141 2909 280 2975 assequor)
302 2936 313 2946 ·
334 2911 449 2975 destructi
467 2911 564 2975 seriatis
588 2947 595 2960 .
616 2944 623 2958 .
649 2911 744 2974 equid
761 2914 800 2960 ert
818 2911 883 2975 quod
904 2927 951 2961 nor
966 2912 1079 2961 oidomu
1095 2927 1140 2961 ooo
1158 2911 1322 2975 corporaliter,

141 3001 248 3048 :monier
265 3013 309 3048 oor
326 3014 378 3048 erre
394 2998 529 3063 defunctos

226 3105 251 3152 2.
290 3101 341 3165 Qui
364 3102 391 3166 (c
413 3103 453 3151 Er
474 3101 537 3165 iper)
561 3128 571 3138 ·
593 3101 788 3152 &morimur
814 3102 842 3164 (c
866 3102 921 3152 Noe
943 3102 1006 3165 m.)
1023 3129 1034 3139 ·
1051 3107 1077 3152 et
1093 3104 1150 3168 ipre
1168 3103 1197 3167 (c
1213 3102 1268 3168 qm)
1282 3120 1320 3157 m.

141 3203 187 3236 nor
204 3184 232 3249 (c
250 3185 305 3250 orn)
327 3213 336 3222 ·
359 3187 397 3236 Ei
415 3203 446 3236 ex
462 3188 509 3237 doc
532 3187 560 3249 (r
578 3187 639 3251 quio
655 3188 716 3245 door
741 3185 841 3238 chace
860 3188 913 3249 om)
937 3190 1027 3238 sciatis
1044 3187 1073 3250 (c
1090 3188 1144 3239 odd
1163 3189 1321 3254 scotres-ri

141 3271 298 3322 saeuorum
316 3271 344 3334 (c
362 3271 445 3335 droa)
469 3269 474 3333 Ι
498 3275 523 3320 ei
540 3272 640 3321 anonae
657 3297 667 3307 ·
685 3287 739 3321 eam
759 3272 817 3321 cur.
837 3273 937 3323 domino
957 3308 986 3323 ..
1009 3285 1024 3323 c
1042 3288 1093 3336 per
1111 3276 1194 3322 lerum
1212 3274 1320 3325 Citium

140 3356 275 3413 doniam,
294 3359 338 3419 qui
354 3354 495 3418 expoliavit
512 3357 639 3423 infernum
658 3359 682 3404 et
700 3356 754 3404 eius
767 3357 911 3420 principem
929 3355 1059 3420 reliyoor't.
1079 3355 1083 3418 Ι
1105 3356 1172 3405 Nom
1189 3361 1215 3407 et
1233 3357 1261 3420 (Β
1279 3356 1320 3418 on)

139 3443 211 3492 nodis
227 3469 237 3479 ·
256 3459 343 3506 prore.
363 3446 400 3491 eri
420 3477 449 3492 ..
470 3455 485 3492 c
503 3444 556 3506 ipre
574 3443 646 3491 nodia
659 3445 793 3507 proecepit
812 3479 840 3492 ..
861 3448 1000 3507 praeterea
1017 3456 1053 3494 aa
1070 3443 1124 3494 odd
1142 3445 1187 3508 qui
1203 3460 1249 3494 rior
1264 3461 1279 3493 o
1293 3461 1321 3494 re

138 3529 239 3594 pislerio
261 3531 415 3579 resuscitare
432 3529 552 3593 dignam
569 3535 607 3579 eri
630 3531 635 3594 Ι
656 3531 795 3596 proefioilo
814 3565 821 3580 .
837 3566 844 3579 .
863 3543 979 3594 Bpmo
1003 3532 1008 3593 Ι
1031 3535 1056 3581 et
1078 3536 1175 3581 monier
1192 3567 1200 3583 .
1216 3568 1223 3582 .
1241 3536 1323 3585 llicit

80 3646 85 3654 ·
142 3617 170 3678 (Β
189 3615 250 3678 noo)
272 3616 393 3666 mortium
417 3616 444 3678 (e
462 3616 597 3679 montibus)
624 3616 628 3680 Ι
656 3633 672 3668 r
695 3621 777 3666 tamen
800 3632 850 3665 riori
872 3618 962 3667 monili.
980 3617 1164 3681 opporeoiidroe
1184 3622 1224 3669 ort
1240 3619 1323 3668 udin

141 3720 195 3753 ram
213 3705 353 3754 dominibus
372 3703 441 3769 loqui
458 3705 509 3753 oiri
527 3704 567 3753 ciri
585 3703 618 3767 (i)
636 3705 660 3753 ei
674 3704 713 3768 pl.
730 3702 734 3768 Ι
749 3717 767 3755 Β
785 3706 836 3754 riri
853 3722 870 3754 o
887 3721 926 3755 ro.
947 3721 985 3768 ep.
1000 3707 1121 3770 permissi
1138 3721 1246 3756 eom

225 3810 250 3858 3.
284 3809 424 3857 Audieoler
442 3807 471 3870 (Β
490 3807 566 3867 ianr)
585 3814 639 3858 orit.
660 3809 688 3868 (Β
707 3808 761 3869 om)
779 3833 790 3844 ·
808 3809 901 3857 oderat
918 3807 946 3871 (Β
964 3808 1033 3871 croi)
1052 3824 1110 3859 enm
1129 3821 1163 3860 cn
1182 3845 1212 3860 ..
1232 3825 1250 3862 Δ
1268 3808 1327 3860 stuc

141 3895 272 3944 audientes
292 3897 354 3943 iaec
375 3896 459 3944 omnio
483 3897 526 3959 qui
546 3899 620 3944 erosit
646 3895 651 3958 Ι
678 3895 856 3944 notrorum
881 3894 886 3960 Ι
911 3895 1040 3945 effodies·
1056 3897 1138 3961 sorio
1164 3909 1223 3947 oum
1246 3909 1278 3949 nc
1295 3932 1326 3948 ..

141 3994 159 4031 Α
173 3982 254 4045 sorio
276 3996 339 4029 oero
362 3978 366 4041 Ι
391 3983 551 4031 credantur
574 3978 578 4042 Ι
605 3979 673 4028 dirue
695 3979 741 4038 (rc
759 3979 839 4042 Nom)
865 3980 907 4029 Oa.
928 3984 953 4029 et
970 3982 1061 4030 Arsaos
1084 3980 1130 4042 (ΑΒ
1149 3997 1209 4040 mor
1226 3995 1243 4034 e
1259 3985 1329 4032 Am

141 4069 165 4113 el
189 4065 234 4113 Oa.
271 4065 345 4113 lnlra
368 4065 396 4113 in
420 4064 481 4113 edd.
502 4063 580 4113 modo
603 4070 645 4114 est
663 4066 766 4121 ,linior¹
793 4063 871 4113 modo
891 4065 989 4127 Aona.)
1013 4065 1067 4117 dir.
1091 4066 1200 4116 concilio
1224 4065 1253 4129 (r
1273 4082 1330 4129 corr

141 4152 209 4200 cad
227 4166 297 4199 omne
316 4148 460 4211 meiliura)
478 4175 488 4185 ·
510 4149 585 4198 dodel
603 4165 653 4213 per·
670 4166 733 4199 omn.
757 4151 809 4213 (ito
827 4162 873 4212 rc3
896 4162 913 4200 Β
931 4148 1022 4199 doleat
1039 4151 1134 4215 omnio)
1153 4180 1163 4191 ·
1182 4152 1262 4217 tertis.
1278 4157 1333 4203 mi

141 4235 170 4296 (Β
187 4237 368 4303 testificantur)
388 4252 431 4299 pr.
451 4240 476 4285 ei
494 4240 562 4298 port.
581 4234 610 4296 (Δ
630 4237 752 4299 primitur
773 4240 798 4285 el
817 4240 921 4299 poetro,
945 4236 1046 4299 com)=
1074 4238 1097 4285 ri
1114 4235 1143 4298 (e
1160 4240 1185 4286 er
1202 4237 1237 4299 ri)
1255 4264 1265 4277 ·
1283 4237 1332 4287 Ko-

140 4323 213 4370 νέω
238 4320 267 4382 (Β
289 4336 375 4375 orum
404 4319 463 4368 cdd.
489 4320 515 4368 h.
541 4321 560 4369 l.
586 4319 642 4382 Co.)
670 4325 695 4369 ot
717 4319 826 4370 meirrr
852 4322 879 4381 (Β
904 4322 984 4378 ·iirm,·
1010 4332 1045 4372 u
1068 4319 1155 4382 Leni.)
1181 4322 1234 4370 oioi
1255 4338 1334 4386 pem.

141 4408 171 4470 (Β
189 4408 260 4456 rioor
276 4407 437 4466 inveniunt)
460 4404 486 4452 ia
509 4401 535 4465 (c
554 4403 608 4466 om)
632 4421 713 4470 corp,
740 4410 766 4455 et
788 4406 811 4455 ri
834 4406 879 4466 (rc
898 4405 953 4468 om)
977 4422 1023 4456 roe
1044 4406 1074 4469 (Α
1092 4406 1148 4467 orn)
1171 4421 1217 4456 m
1237 4421 1277 4459 oo.
1293 4423 1333 4457 oo.
