2962 4912
531 337 701 390 vmmcra
720 336 945 388 suuvsroms.
1273 337 1336 411 4519

142 497 303 561 miserunt
325 492 460 559 nuntios
484 511 559 556 suos
582 488 624 555 ad
646 488 816 554 Tiberium
841 489 1075 572 imperatorem
1102 489 1194 553 urbis
1216 487 1337 554 Roma·

142 621 205 664 nae
232 604 270 663 ut
296 598 442 663 mitteret
464 593 680 662 Velosianum
707 591 749 657 ad
777 613 821 657 se.
864 592 911 657 Et
934 592 1018 657 dixit
1040 592 1069 658 ei
1092 591 1218 675 Accipe
1241 614 1336 658 omne

142 700 230 785 quod
252 720 384 764 necesse
408 703 457 763 est
479 696 541 761 tibi
563 697 598 759 in
622 695 706 760 mari
733 701 766 760 et
794 694 956 761 descende
985 696 1020 760 in
1042 694 1202 761 iudaeam
1230 701 1263 761 et
1290 697 1337 759 iu·

141 805 236 887 quire
264 824 365 868 unum
393 801 434 866 de
461 798 631 881 discipulis
659 798 731 864 eius
760 800 817 882 qui
845 798 1018 864 dicebatur
1041 798 1194 866 Christus
1222 805 1256 864 et
1282 798 1337 864 do·

140 906 264 988 minus,
295 909 333 968 ut
362 903 474 967 veniat
504 900 545 965 ad
576 921 628 965 me
660 904 695 965 et
724 901 758 965 in
790 901 921 966 nominc
948 901 1001 966 dei
1032 903 1084 966 sui
1114 906 1208 967 curet
1236 923 1289 966 me
1317 923 1337 965 a

88 1004 91 1010 ’
139 1007 234 1090 lepra
262 1011 295 1071 et
322 1004 571 1069 infirmitatibus
593 1002 714 1085 quibus
738 1002 886 1086 quotidie
908 1004 1007 1069 nimis
1030 1026 1149 1088 gravor
1171 1010 1204 1069 et
1226 1025 1246 1069 a
1267 1004 1336 1068 vul·

139 1109 276 1174 neribus
298 1107 393 1190 meis,
417 1106 495 1190 quia
518 1126 579 1190 ego
602 1105 688 1170 male
711 1105 811 1171 iaceo.
855 1107 901 1170 Et
923 1106 1018 1171 mitte
1042 1128 1141 1201 super
1162 1127 1257 1189 reges
1279 1105 1336 1170 iu·

141 1210 298 1275 daeorum
320 1207 378 1292 qui
408 1213 485 1272 suut
512 1207 653 1289 imperio
682 1227 754 1272 meo
783 1207 905 1272 subditi
931 1206 1050 1273 fortias
1078 1213 1152 1272 tuas
1180 1212 1213 1273 et
1240 1209 1336 1284 terri·

139 1314 222 1379 bilia
245 1318 422 1392 tormenta,
449 1311 528 1394 quia
550 1309 742 1376 occiderunt
763 1309 876 1375 Iesum
899 1310 1067 1377 Christum
1089 1311 1257 1376 dominum
1279 1333 1335 1377 no·

140 1422 254 1500 strum,
277 1423 311 1481 ct
335 1415 517 1503 condemna
540 1435 597 1479 eos
619 1413 663 1479 ad
684 1420 833 1480 mortem.
876 1414 924 1479 Et
943 1416 971 1480 si
989 1416 1153 1480 inveneris
1172 1415 1218 1480 ibi
1235 1416 1336 1480 talem

138 1517 305 1582 hominem
328 1516 386 1601 qui
408 1538 460 1581 me
483 1516 590 1598 possit
611 1514 753 1581 liberare
777 1516 819 1581 ab
847 1516 913 1581 ista
938 1538 1013 1583 mea
1039 1515 1245 1597 infirmitate,
1273 1538 1334 1601 ego

140 1619 271 1686 credam
302 1621 336 1683 in
364 1617 534 1684 Christum
564 1617 669 1684 filium
699 1618 751 1683 dei
783 1624 816 1683 et
846 1619 1022 1701 baptizabo
1055 1641 1106 1684 me
1137 1620 1171 1684 in
1202 1622 1335 1686 nomine

138 1724 252 1806 ipsius.
300 1722 347 1787 Et
375 1721 575 1790 Volusianus
606 1721 689 1786 dixit
719 1721 864 1787 Domine
895 1721 1089 1805 imperator,
1120 1724 1148 1787 si
1179 1723 1335 1789 invenero

139 1827 240 1892 talem
262 1827 427 1891 homiuem
451 1827 508 1909 qui
536 1846 597 1891 uos
625 1825 737 1892 iuvare
766 1831 800 1891 et
826 1826 968 1891 liberare
996 1827 1114 1909 possit,
1145 1827 1278 1910 qualem
1305 1827 1336 1891 ei

138 1928 333 2010 promittam
370 1926 579 1992 mercedem?
627 1926 726 1990 Dixit
762 1933 874 1993 autem
906 1928 935 1994 ei
967 1926 1122 1993 Tiberius
1152 1926 1335 1992 Dimidium

139 2030 233 2113 regni
255 2030 326 2092 sine
347 2027 437 2108 fallo,
460 2032 497 2092 ut
519 2028 618 2092 sitin
640 2049 740 2094 manu
764 2031 842 2093 eius.

225 2131 252 2170 ’⁰
274 2130 368 2196 Tunc
390 2129 592 2196 Velosianus
621 2132 734 2197 statim
761 2131 908 2214 perrexit
932 2137 965 2196 et
988 2129 1138 2195 ascendit
1159 2132 1193 2195 iu
1216 2152 1334 2197 navem

139 2240 172 2300 et
194 2234 316 2299 levavit
338 2235 445 2298 velum
472 2233 507 2297 in
530 2234 678 2317 navigio,
706 2239 739 2298 et
766 2235 911 2317 perrexit
938 2255 998 2316 per
1025 2254 1114 2297 mare
1142 2234 1334 2320 navigando.

137 2337 316 2422 Navigavit
344 2344 454 2404 autem
480 2360 547 2403 uno
575 2359 660 2403 auno
684 2345 717 2403 et
739 2337 853 2402 diebus
876 2344 1014 2421 septem,
1042 2338 1163 2421 quibus
1184 2340 1334 2421 pervenit

140 2439 378 2505 Ierosolimam.
426 2440 474 2504 Et
501 2440 612 2504 statim
640 2441 737 2504 iussit
762 2439 890 2523 aliquos
922 2461 961 2505 ex
988 2438 1122 2504 Iudaeis
1149 2443 1260 2506 venire
1291 2441 1335 2507 ad

140 2545 211 2609 eius
242 2545 441 2626 potentiam,
478 2550 512 2609 et
541 2543 715 2626 diligenter
746 2545 854 2626 coepit
884 2544 1051 2628 inquirere
1083 2564 1167 2627 quae
1201 2544 1334 2610 fueraut

140 2656 235 2731 gesta
266 2646 305 2712 de
334 2646 476 2712 Christo.
522 2647 548 2686 ²¹
571 2646 663 2712 Tunc
690 2647 816 2730 Ioseph
847 2647 887 2713 ab
914 2647 1106 2712 Arimathia
1138 2648 1271 2713 civitate
1300 2656 1334 2714 et

135 2880 282 2938 peratorem
296 2874 430 2932 liberium,
448 2889 476 2922 eo
487 2872 543 2932 fine
560 2877 589 2922 at
605 2874 717 2923 nieme
738 2873 901 2923 Volusianum
920 2879 1052 2938 cognatm
1069 2891 1140 2924 asam
1158 2878 1184 2924 ia
1201 2877 1332 2934 luderem,

139 2961 296 3022 repetitarum
319 2960 354 3007 ita·
374 2958 467 3007 multas
483 2974 526 3008 ree
543 2960 682 3008 eiusmodi
698 2960 839 3023 imperator
855 2977 982 3025 nunquam
999 2961 1121 3011 aedisset.
1140 2962 1145 3020 Ι
1168 2963 1207 3012 Et
1223 2964 1292 3013 dixit
1308 2964 1333 3012 ei

140 3047 235 3107 Accipe
253 3069 263 3079 ·
282 3045 383 3093 medam
401 3046 426 3092 in
446 3044 570 3093 msam
581 3044 669 3110 fllium
685 3044 728 3092 dei
746 3044 798 3105 (itu
812 3046 894 3105 Amb3
913 3046 970 3095 Van
989 3046 1090 3095 medam
1110 3047 1235 3096 aridum
1244 3048 1332 3114 fllium

139 3131 211 3179 deam
229 3147 282 3179 ease
298 3131 340 3179 dei
356 3130 418 3190 cici)
438 3133 495 3178 etc:
514 3128 589 3179 ASax
610 3129 669 3178 iiam
687 3130 826 3192 mercior
834 3131 905 3194 serit
922 3134 969 3189 ita,
988 3134 1013 3180 et
1030 3133 1098 3181 dixit
1115 3133 1149 3180 ad
1169 3131 1332 3182 Volusium

141 3222 273 3281 oopnatam
296 3231 380 3265 mum:
404 3217 421 3263 1
437 3219 462 3264 et
479 3229 613 3278 praepara
634 3215 717 3264 omnia
734 3231 798 3278 poce
816 3215 863 3264 econ·
879 3217 1025 3265 accessorio
1042 3221 1100 3265 unt
1117 3219 1145 3266 ia
1160 3218 1228 3267 mari
1245 3222 1269 3268 et
1287 3235 1330 3268 no-

138 3304 197 3365 oipo
215 3304 242 3350 in
259 3302 389 3358 Iudaeum,
409 3301 493 3364 ibique
509 3302 609 3365 inquire
625 3317 699 3349 unum
716 3301 748 3349 dc
767 3300 914 3350 Saloutaria
930 3301 1073 3365 decipulis,
1097 3306 1122 3352 et
1131 3303 1184 3367 soc
1200 3306 1230 3352 at
1246 3304 1332 3352 amici

139 3389 173 3434 ad
190 3403 228 3434 me
245 3387 271 3434 in
289 3387 386 3434 uomitu
403 3385 498 3434 domini
515 3388 540 3433 et
557 3389 630 3433 sonet
646 3402 701 3433 ntea
717 3385 824 3434 wisera
842 3385 931 3450 quibes
950 3389 1003 3433 tam
1024 3387 1069 3434 diu
1089 3391 1206 3450 praviter
1228 3393 1332 3438 rexatus

138 3487 200 3519 eam·
237 3471 275 3517 Et
292 3470 334 3517 die
351 3469 428 3518 telem
445 3471 594 3519 emtentiam
612 3472 639 3518 ia
655 3471 807 3520 Iudaeorum
824 3486 896 3534 repes
912 3471 1011 3535 qualem
1028 3472 1079 3536 ipsi
1096 3473 1216 3523 dixmut
1233 3475 1259 3523 ia
1272 3474 1330 3523 sat·

138 3559 258 3612 vaterem,
276 3558 302 3602 et
319 3549 394 3603 trade
411 3569 495 3603 omnes
511 3556 546 3603 ad
557 3555 718 3620 supplicium.
744 3556 782 3605 Di
799 3558 823 3605 ει·
839 3559 867 3604 iu
883 3556 945 3605 miti
961 3557 1069 3606 adducis
1085 3561 1166 3606 viram
1185 3563 1331 3608 curaturam

138 3640 244 3688 volnera
261 3655 324 3699 mea,
342 3641 395 3703 ipae
409 3640 550 3706 profitebor
567 3640 727 3690 Salvatorem
737 3640 825 3706 fllium
842 3642 884 3690 dei
901 3647 926 3692 et
944 3642 1094 3707 baptizabor
1111 3643 1137 3692 ia
1154 3647 1252 3693 nomin
1269 3645 1330 3695 eiua.

143 3724 297 3774 Volusianus
318 3726 449 3788 respondit
469 3726 493 3774 ei
515 3730 540 3774 et
557 3727 745 3785 deectationi,
769 3727 880 3783 domim,-
903 3729 970 3777 etei
991 3730 1089 3779 inuenio
1107 3728 1184 3778 talem
1200 3731 1329 3788 misem,

137 3827 212 3875 quaen
229 3811 364 3859 mercedem
378 3813 528 3874 promittam
544 3814 585 3862 eit
613 3813 728 3862 itherius
745 3814 876 3876 reepoedit
892 3818 918 3862 et
935 3814 1003 3863 dicit
1018 3815 1138 3880 Quisquis
1154 3819 1197 3874 eit,
1207 3818 1259 3881 fac
1276 3833 1331 3864 eum

136 3912 219 3959 repam
234 3900 292 3957 poet
309 3910 353 3945 me.

223 3984 264 4030 20.
293 3980 369 4030 ASex
391 3997 488 4031 nomen
511 3984 591 4032 meris
608 3982 686 4032 addit
704 3981 785 4046 idque
803 3983 976 4033 Lieoetratum
994 3985 1075 4044 dicit,
1098 3987 1151 4036 iter
1168 4002 1231 4036 vero
1250 3988 1329 4037 Volu-

138 4068 207 4116 siani
226 4071 288 4115 octo
307 4066 402 4116 diebus
419 4066 523 4116 absolvi
541 4068 616 4116 facit.
652 4067 717 4116 'l'um
736 4067 831 4118 habet:
856 4069 936 4118 Iussit
953 4084 1037 4119 omnes
1054 4072 1097 4134 qai
1114 4072 1209 4120 seirent
1230 4072 1330 4136 aliquid

137 4153 168 4200 de
187 4151 286 4200 Olm'eto
304 4151 338 4199 od
356 4152 497 4209 revenire,
521 4156 547 4200 et
564 4156 614 4200 tom
632 4153 757 4216 quaesivit
774 4154 805 4201 ob
827 4154 861 4202 iis
882 4155 994 4203 omnibus
1016 4172 1080 4219 qaae
1100 4161 1174 4220 perta
1197 4162 1278 4207 essent
1299 4159 1330 4208 de

138 4237 246 4286 Christo.

222 4325 263 4372 21.
287 4322 397 4386 loeophi
410 4323 557 4371 orationem
570 4321 646 4372 ASsx
658 4324 696 4372 eie
710 4323 805 4373 habet:
819 4325 879 4375 Seio
892 4326 957 4390 qood
969 4327 1137 4390 deposueram
1148 4344 1202 4377 um
1214 4329 1245 4378 de
1257 4345 1330 4377 mee

136 4413 161 4457 et
178 4413 315 4472 ponerent
332 4410 360 4456 in
377 4407 493 4472 sepulcro
511 4409 577 4473 qood
594 4411 647 4472 ipse
665 4410 807 4459 σισίᾰονωιι
824 4411 856 4460 do
872 4427 949 4474 nme:
972 4417 997 4462 ei
1019 4429 1089 4462 “om
1106 4430 1171 4463 me
1186 4415 1218 4464 de
1236 4415 1269 4463 iic
1286 4415 1328 4478 pai
