2962 4912
140 311 214 358 m
609 290 881 343 escuacouans.

142 444 248 526 detur,
271 444 324 508 cui
346 442 431 508 Lud.
447 441 539 507 Hain
562 440 597 505 in
620 441 756 524 Repert.
780 440 932 525 bibliogr.
955 461 1127 506 numerum
1152 445 1266 507 11149.
1289 460 1348 525 ap·

141 557 261 638 posuit
305 553 432 620 Eadem
460 552 547 635 apud
570 551 747 618 Thilonem
771 553 832 619 sub
856 556 897 634 1.)
921 553 1032 634 posita
1054 560 1114 618 est.
1157 552 1257 619 Hanc
1280 554 1347 638 ipsi

140 665 335 750 plerumque
359 665 400 730 ad
422 669 550 729 textum
574 667 723 729 nostrum
746 664 945 729 contulimus
969 665 1050 730 satis
1067 663 1229 739 diversam
1252 665 1346 731 illam

142 778 275 862 quidem
291 800 311 843 a
325 776 492 859 Lipsiensi
509 775 653 842 editione
674 797 702 841 a.
721 778 812 843 1516.
843 774 965 842 Tribus
981 776 1122 842 saeculis
1138 783 1213 859 post
1229 776 1347 842 editio·

143 910 218 956 nem
246 889 428 973 principem
458 889 600 953 latinum
631 893 760 954 1111111
790 887 971 954 identidem
1002 889 1070 953 iam
1099 889 1278 972 repetitum
1311 889 1345 953 in

132 1000 408 1084 apocryphorum
431 999 644 1065 collectiones
665 1004 862 1082 receperunt
883 999 1110 1079 Fabricius,
1134 999 1346 1086 01111οό111-

141 1111 276 1196 graphia
292 1111 502 1193 potissimum
518 1109 692 1176 Heroldi
707 1131 795 1193 usus,
816 1109 1015 1190 Ionesius‚
1040 1111 1181 1177 maxime
1196 1111 1346 1195 pendens

134 1222 404 1289 aMonumentis
420 1221 609 1306 Grynem,
633 1221 862 1286 Schmidius
887 1227 920 1285 et
942 1220 1143 1302 Birchius,
1165 1228 1344 1306 sequentes

140 1333 346 1415 Fabricium,
377 1333 443 1397 nisi
471 1332 560 1416 quod
591 1353 612 1397 a
639 1331 776 1398 Birchio
808 1332 947 1397 duorum
981 1333 1160 1398 latinorum
1193 1335 1344 1401 codicum

141 1445 300 1511 lectiones
332 1444 499 1510 111111111
537 1444 725 1527 adscriptae
764 1449 849 1509 sunt.
903 1444 1069 1510 Graecum
1101 1466 1177 1511 vero
1215 1451 1345 1511 textum

141 1557 262 1640 prioris
292 1556 399 1639 partis
432 1561 513 1636 (una
540 1577 614 1621 cum
636 1555 785 1621 Fabricii
814 1556 934 1637 latino)
966 1557 1092 1639 primus
1124 1556 1228 1622 edidit
1256 1557 1345 1623 Bir-

143 1670 270 1748 chius,
298 1674 331 1732 11
354 1666 487 1750 quidem
509 1667 550 1732 ad
573 1688 723 1732 normam
747 1666 868 1732 codicis
891 1667 998 1733 Paris.
1021 1690 1109 1734 num.
1133 1671 1203 1734 770.
1227 1690 1248 1735 a
1271 1667 1345 1734 Bir-

142 1799 220 1863 gerc
235 1776 414 1844 Thorlacio
430 1778 598 1860 descripti.
634 1778 729 1843 Idem
750 1778 927 1843 secundam
942 1779 1103 1863 evangelii
1118 1785 1247 1863 partem
1267 1780 1344 1845 inde

141 1912 162 1958 a
184 1890 292 1957 verbis
316 1897 450 1974 ἔρχεται
476 1888 494 1952 ὅ
517 1888 712 1974 μομογεμῆσ
734 1888 808 1953 cido
829 1885 893 1954 τοῦ
917 1885 998 1955 θεοῦ
1020 1891 1091 1955 ὧδε
1113 1913 1183 1974 cap.
1203 1891 1344 1960 XVIII.

143 2004 226 2084 (1.1.
254 2000 307 2084 II,
331 2003 373 2083 2.)
404 2022 442 2066 ex
472 2000 542 2066 cod.
565 2000 675 2067 Vatic.
698 2003 770 2066 269.
799 2002 972 2085 evulgavit.
1022 2002 1131 2087 Quam
1162 2003 1343 2070 editionem

141 2134 293 2199 graecam
319 2112 502 2196 principem
531 2112 608 2177 clar.
631 2110 731 2178 Thilo
760 2113 831 2178 iure
860 2112 942 2178 dicit
968 2113 1064 2196 „plus
1092 2115 1180 2181 iusto
1207 2116 1343 2182 festina·

140 2228 240 2303 tam“,
268 2224 379 2305 „vitiis
409 2224 514 2288 omnis
543 2223 672 2306 generis
699 2228 913 2304 scatentem“,
940 2246 1024 2307 „pro
1047 2224 1259 2292 deformitate
1284 2248 1344 2294 sua

142 2336 238 2418 quasi
268 2334 476 2400 formidinem
506 2334 702 2400 lectorum“.
748 2334 797 2401 of.
821 2335 841 2400 l.
865 2335 884 2400 l.
908 2357 982 2419 pag.
1007 2335 1139 2402 CXXI.
1192 2337 1343 2404 Melioris

139 2450 250 2512 tamen
273 2445 378 2529 frugis
403 2451 480 2510 sunt
504 2466 588 2528 quae
611 2444 766 2511 Birchius
794 2446 829 2510 in
852 2446 1005 2531 Prolcgg.
1028 2447 1068 2512 de
1092 2450 1261 2532 evangelio
1284 2450 1344 2515 Ni·

141 2557 266 2623 codemi
291 2557 424 2639 scripsit
446 2559 576 2622 Auctor.
603 2578 634 2639 p.
657 2556 871 2624 VII-LXI.

226 2667 399 2733 Birchium
414 2666 533 2732 Thilo
557 2669 686 2751 excepit
708 2668 951 2752 plurimumque
972 2671 1149 2752 superavit.
1180 2671 1345 2736 Exhibuit

139 2779 168 2845 is
189 2784 317 2843 textum
340 2800 494 2861 graecum
516 2780 638 2861 prioris
661 2781 766 2861 partis
789 2802 830 2846 11
851 2780 967 2846 ecdem
984 2803 1056 2846 cum
1073 2781 1211 2847 Birchio
1227 2782 1344 2849 biblio·

139 2890 254 2956 thecae
277 2890 477 2955 Parisiensis
509 2890 621 2955 codice
651 2893 721 2956 770.
766 2891 843 2957 Una
872 2914 949 2958 vero
979 2892 1020 2958 ad
1052 2896 1248 2985 apparatum
1281 2895 1344 2960 cri·

138 3001 254 3078 ticum,
283 3001 407 3082 passim
430 3002 531 3066 etiam
555 3002 596 3066 ad
619 3002 859 3068 emendandum
880 3010 1008 3069 textum
1031 3004 1183 3070 adhibuit
1210 3006 1343 3072 codices

138 3109 245 3176 Paris.
262 3110 344 3177 alios
360 3118 437 3192 tres,
460 3119 595 3178 notatos
611 3114 645 3179 in
661 3114 738 3180 bibl.
754 3114 837 3199 Reg.
853 3135 940 3180 nunc
955 3114 1092 3181 Nation.
1107 3119 1253 3182 numeris
1269 3119 1344 3183 829.

141 3221 305 3300 (Thilonis
328 3229 362 3304 n)
391 3225 480 3287 1021.
511 3221 611 3303 (Thil.
636 3232 667 3306 c)
693 3227 763 3290 808.
798 3224 897 3306 (Thil.
920 3233 972 3309 n):
996 3228 1076 3293 item
1099 3249 1139 3293 ex
1163 3227 1344 3295 collatione

139 3331 253 3398 Hessii
281 3333 359 3398 olim
388 3334 429 3398 ad
452 3333 664 3401 Muenterum
693 3337 884 3420 episcopum
906 3337 1016 3402 Havn.
1039 3339 1140 3404 missa
1163 3339 1244 3405 duos
1267 3339 1344 3405 Mo-

138 3464 296 3511 nacenses
319 3446 465 3511 numeris
483 3445 624 3512 OXOII.
650 3447 749 3528 (Thil.
766 3447 857 3513 Mon.
881 3455 916 3531 A)
942 3455 974 3514 et
990 3449 1216 3518 CCLXXVI.
1241 3450 1344 3531 (Thil.

138 3553 229 3620 Mon.
245 3562 280 3638 n)
297 3556 486 3639 insignitos:
510 3558 590 3623 itam
606 3559 735 3624 italicos
751 3559 842 3642 duos,
866 3559 1006 3625 alterum
1021 3559 1224 3629 Vaticanum
1240 3583 1344 3644 opera

138 3662 267 3730 Birchii
299 3666 468 3749 collatum,
499 3668 641 3734 alterum
663 3668 829 3735 Venatum
859 3669 1052 3736 Nonianum
1074 3670 1168 3736 CIX.
1196 3695 1235 3737 ex
1265 3694 1344 3756 apo·

138 3775 263 3858 grapho
281 3775 426 3842 Morellii
449 3779 641 3862 ingratiam
657 3779 787 3845 Birchii
807 3781 905 3846 facto.
943 3780 984 3846 In
1007 3783 1058 3848 his
1082 3784 1221 3848 alteram
1244 3806 1342 3849 1111-

138 3886 215 3971 gelii
246 3893 375 3969 partem
406 3911 491 3953 unus
523 3887 672 3956 continet
702 3890 903 3957 Parisiensis
940 3915 1027 3958 num.
1059 3896 1131 3959 898.
1168 3894 1209 3959 ad
1242 3917 1343 3978 quem

137 3996 265 4063 accedit
287 3996 487 4064 Vaticanum
509 3998 638 4066 Birchii
669 4001 899 4085 fragmentum.
949 4004 1056 4070 Porro
1085 4004 1171 4070 idem
1199 4005 1343 4071 latinum

137 4113 266 4172 textum
288 4109 391 4172 totius
415 4111 574 4193 evangelii
597 4113 785 4205 appositum
808 4134 926 4196 graeco
952 4136 990 4180 ex
1007 4114 1120 4180 codice
1135 4115 1342 4184 Finsidlensi

138 4217 225 4299 (vide
248 4217 349 4300 infra)
379 4220 421 4285 ab
443 4218 565 4286 Hessio
594 4244 667 4287 cum
690 4229 785 4289 textu
806 4223 956 4290 Fabricii
985 4227 1106 4291 collato
1135 4226 1254 4310 edidit,
1285 4251 1341 4294 11-

136 4329 300 4394 riantibus
326 4327 527 4396 lectionibus
555 4332 703 4398 codicum
732 4334 1341 4405 Η1111111Η1111111110111111111
