3000 4912
359 307 804 370 nunnunnlorslnunnnrsn
821 308 1012 359 satalenus.
1036 311 1066 360 x.
1086 309 1131 359 xl.
1284 309 1345 373 185

649 559 770 626 Garun
793 562 840 626 X.

230 730 326 797 Dum
351 753 468 798 secum
493 738 634 815 reputat
659 733 831 816 quomodo
863 734 931 798 iter
961 754 1062 798 snum
1089 733 1347 800 instituendum

149 840 251 916 esset,
270 836 470 918 supervenit
486 835 554 918 ipsi
567 857 678 918 mane,
695 841 880 919 postquam
890 835 1087 920 paullulum
1096 837 1171 901 viae
1184 836 1346 903 confecit.

147 935 290 1021 Iamque
308 939 614 1023 appropinquabat
633 939 711 1005 urbi
727 961 887 1024 magnac,
910 941 946 1004 in
965 961 1034 1022 qua
1048 939 1181 1005 idolum
1199 948 1274 1007 erat
1290 943 1346 1007 cui

149 1039 284 1123 reliqua
303 1040 533 1125 Egyptiorum
559 1041 655 1108 idola
680 1050 715 1108 et
739 1045 882 1109 numina
902 1064 1048 1110 munera
1070 1051 1104 1109 et
1123 1051 1203 1109 vota
1228 1044 1347 1110 offere·

147 1141 245 1223 bant;
262 1144 452 1227 aderatque
468 1144 550 1210 huic
567 1145 663 1211 idolo
680 1146 843 1212 sacerdos
860 1147 1062 1212 ministrans
1079 1146 1158 1230 ipsi,
1176 1149 1247 1231 qui,
1265 1171 1348 1232 quo-

147 1247 364 1330 tiescumque
382 1252 521 1313 satanas
539 1269 579 1312 ex
595 1249 690 1314 idolo
707 1249 769 1314 illo
787 1248 1007 1332 loquebatur,
1026 1271 1067 1315 ea
1082 1249 1347 1335 incolisligypti

148 1355 252 1433 atque
277 1350 458 1434 plagarum
490 1353 565 1417 eins
592 1351 777 1418 referebat.
812 1353 913 1420 ,Erat
941 1352 1023 1418 huic
1055 1355 1229 1420 sacerdoti
1254 1355 1347 1420 filius

148 1456 311 1538 triennis,
337 1456 379 1522 ab
402 1457 538 1540 aliquot
558 1457 786 1524 daemonibus
809 1458 990 1541 obsessus,
1017 1460 1077 1542 qui
1099 1459 1209 1525 multa
1229 1459 1348 1542 loque·

148 1558 251 1624 batur
266 1565 301 1624 et
317 1560 531 1643 proferebat,
557 1566 687 1626 etcum
705 1562 923 1644 corriperent
940 1583 1018 1626 enm
1035 1561 1238 1644 daemones,
1259 1562 1349 1628 lace-

149 1662 233 1727 ratis
248 1662 404 1728 vestibus
422 1664 495 1729 suis
513 1662 627 1728 nudus
644 1664 848 1729 remanebat
868 1671 903 1730 et
918 1664 1077 1731 homines
1097 1665 1275 1749 lapidibus
1291 1687 1349 1749 pe·

148 1768 253 1834 tebat.
298 1768 386 1833 Erat
410 1774 526 1834 autem
547 1771 786 1835 nosocomium
810 1770 906 1836 idolo
930 1771 985 1836 illi
1007 1769 1207 1845 dedicatum
1228 1770 1265 1833 in
1286 1769 1350 1833 illa

149 1871 250 1951 urbe3
271 1871 315 1936 ad
336 1891 439 1954 quam
460 1892 538 1936 cum
559 1873 803 1954 pervenissent
817 1871 990 1956 Iosephus
1014 1878 1049 1938 et
1069 1871 1210 1938 domina
1224 1871 1348 1953 Maria,

151 1974 245 2039 etin
271 1974 509 2039 nosocomium
534 1973 629 2039 istud
652 1974 892 2057 divertissent,
917 1975 1016 2041 valde
1043 1975 1236 2040 timuerunt
1258 1975 1349 2039 cives

150 2076 241 2157 eius,
266 2082 573 2159 conveneruntque
596 2099 715 2143 omnes
732 2079 910 2163 principes
930 2078 1174 2162 idolorumque
1191 2077 1351 2143 sacerdo-

149 2185 200 2246 tes
211 2180 255 2245 ad
272 2180 404 2245 idolum
416 2181 504 2245 illud
516 2182 618 2265 eique
631 2181 808 2247 dixerunt:
825 2183 1051 2265 Ecquaenam
1063 2186 1117 2247 est
1126 2183 1195 2245 ista
1204 2181 1350 2264 agitatio

150 2289 184 2349 et
204 2284 389 2348 commotio
413 2283 449 2347 in
472 2289 566 2348 terra
586 2289 707 2348 nostra
730 2282 878 2349 oborta?
908 2284 1108 2368 Respondit
1129 2284 1180 2349 cis
1201 2283 1349 2348 idolum:

148 2383 257 2452 Venit
280 2384 348 2449 huc
370 2384 456 2449 deus
482 2385 656 2466 occultus,
683 2386 743 2469 qui
768 2407 889 2452 revera
913 2391 968 2451 eat
988 2385 1091 2465 dcus;
1116 2405 1230 2468 neque
1256 2384 1350 2449 ullus

149 2487 234 2553 deus
258 2493 398 2570 praetor
417 2488 518 2553 illum
539 2487 655 2553 divino
678 2488 775 2553 cultu
797 2489 924 2572 dignus
950 2494 1018 2570 est,
1045 2488 1128 2571 quia
1152 2507 1271 2553 revera
1296 2493 1350 2551 est

149 2589 241 2655 filins
258 2590 330 2654 dei:
348 2611 452 2674 quem
465 2611 543 2655 cum
558 2591 794 2673 persensisset
809 2590 895 2655 haee
911 2597 1015 2672 terra,
1034 2590 1245 2656 contremuit
1261 2590 1350 2654 eins-

150 2714 215 2777 que
237 2693 389 2758 adventu
406 2681 633 2760 commota'et
649 2715 820 2760 concussa
841 2700 909 2777 est,
931 2700 967 2760 et
986 2715 1050 2761 nos
1072 2691 1350 2777 amagnitudine

148 2797 327 2879 potentiae
350 2797 426 2862 eius
442 2797 542 2862 valde
562 2797 736 2862 timemus.
767 2797 971 2881 Eademque
993 2797 1080 2863 hora
1099 2796 1232 2862 idolum
1254 2795 1351 2861 istud

150 2900 295 2980 corruit,
318 2904 354 2963 et
375 2899 419 2964 ad
435 2900 572 2965 ruinam
589 2900 664 2965 eius
682 2921 801 2967 omnes
817 2900 948 2985 Egypti
968 2901 1105 2966 incolae
1122 2901 1254 2984 aliique
1272 2919 1351 2964 con-

150 3008 344 3066 currerunt.

643 3171 764 3239 Cnror
786 3173 855 3238 XI.
932 3273 935 3280 Ι

232 3341 348 3408 Filius
371 3350 487 3408 autem
509 3343 718 3426 sacerdotis,
745 3366 822 3410 curn
844 3344 985 3410 morbus
1009 3366 1088 3410 eum
1111 3345 1236 3410 solitus
1259 3344 1351 3407 inva-

149 3443 266 3526 sisset,
289 3445 527 3509 nosocomium
550 3447 729 3529 ingressns
746 3446 935 3530 Iosephum
958 3446 1007 3512 ibi
1030 3452 1066 3513 et
1087 3447 1262 3513 dominam
1277 3445 1351 3510 Ma·

148 3546 235 3611 riam
252 3545 408 3628 offendit,
426 3547 584 3629 aquibus
600 3549 708 3614 ceteri
725 3571 845 3614 omnes
856 3549 1078 3633 diffugerant.
1101 3549 1200 3614 Hera
1210 3548 1351 3615 domina

214 3757 246 3805 X.
264 3756 409 3819 superuenit
425 3756 476 3817 ipsi
492 3772 578 3814 masse,
591 3760 728 3820 postquam
742 3782 750 3792 -
764 3783 772 3792 ·
786 3759 908 3823 confecit:
926 3760 966 3808 ite
978 3758 1031 3815 Fi,
1051 3759 1097 3823 qni
1117 3760 1198 3809 etiam
1214 3759 1350 3810 arabicum

146 3846 249 3892 textum
269 3841 433 3891 emendavit.
460 3840 515 3890 sik.
536 3849 564 3891 ct
577 3841 648 3891 Thil.
665 3844 810 3904 supervenit
826 3844 877 3907 ipsi
893 3860 1005 3902 aurora,
1024 3848 1179 3909 ruperatque
1196 3845 1351 3910 defatiyatr'o

152 3927 252 3976 itineris
264 3927 344 3975 sellae
357 3926 483 3990 capulos

214 4014 286 4063 Erat
298 4017 380 4062 uatem
391 4013 558 4061 nosocomium
571 4038 579 4048 ·
593 4037 602 4048 ·
614 4013 642 4061 in
653 4011 704 4061 illa
715 4012 789 4061 urbe.-
808 4014 847 4062 its
859 4013 908 4070 Fl„
922 4019 1042 4064 correcto
1056 4015 1135 4066 simul
1148 4015 1263 4066 srsbico.
1288 4013 1345 4066 sik.

147 4105 175 4148 et
187 4099 257 4148 Thil.
282 4099 315 4146 Is
326 4098 423 4146 vicinia
434 4102 519 4146 auum
530 4098 606 4146 istius
618 4097 683 4146 idoli
695 4102 753 4146 erat
765 4100 931 4148 nosocomia»
941 4099 1015 4148 illias
1027 4101 1104 4150 urbis.

216 4201 285 4249 quem
299 4201 351 4233 essm
361 4184 530 4248 persensisset
546 4185 609 4231 Isaeo
626 4187 711 4232 terra:
729 4185 769 4233 its
781 4184 836 4243 Fl.;
856 4183 912 4235 sik.
926 4191 954 4234 et
967 4184 1037 4234 Thil.
1055 4186 1109 4234 eisss
1125 4187 1160 4234 ad
1168 4187 1272 4251 fassum
1282 4187 1345 4236 hacc

146 4271 218 4334 sepio

213 4331 296 4405 moses
313 4355 411 4420 Eyypti
430 4353 530 4403 incolae
547 4352 658 4417 altique:
675 4354 715 4404 its
729 4353 784 4414 Fl.;
805 4353 861 4403 sik.
880 4362 908 4405 et
927 4354 998 4405 'lbil-
1012 4360 1120 4418 praeter
1137 4361 1251 4407 casuros
1268 4372 1351 4406 omnm

146 4441 257 4508 Aepypts'
268 4440 368 4490 incolas
728 4446 731 4451 '
