2962 4912
418 281 651 344 svaudunum
671 285 818 337 Tuomst
837 287 1006 338 LATINUM.
1034 288 1081 338 lv.
1292 290 1352 352 lss'd

185 518 265 570 Cim
280 508 323 559 lv.
358 506 451 565 Quia
470 506 572 557 FECIT
590 503 754 558 DOMINUS
774 507 874 558 lasus
894 508 933 556 IN
953 507 1118 558 CIVITATE
1139 510 1335 562 NAZARETH.

244 658 481 728 Gloriosum
511 663 576 722 est
603 677 799 723 enarrare
821 656 1015 723 Thomam
1037 658 1219 725 Israelit
1205 665 1285 726 tam
1313 669 1354 728 et

164 761 389 855 apostolum
427 759 656 825 dominit
622 766 656 825 et
687 759 734 824 de
768 761 968 844 operibus
1000 761 1099 827 Iesu
1134 770 1354 873 postquam

162 885 346 959 egressus
384 870 450 928 est
483 863 529 929 de
564 863 773 947 Egypto
763 885 805 928 rn
836 863 1023 930 Nazarte
1028 864 1060 928 h.
1107 864 1176 930 Int
1162 838 1352 952 telligite

161 989 302 1050 omnes,
329 966 484 1032 fratres
511 967 736 1048 carissimi,
765 987 868 1049 quae
895 966 999 1032 fecit
1020 967 1210 1035 dominus
1231 971 1352 1038 Iesus

158 1071 312 1163 quando
345 1069 428 1135 fuit
463 1071 505 1135 in
538 1071 712 1134 civitate
743 1068 969 1135 Nazareth:
1009 1070 1120 1153 quod
1151 1073 1191 1136 in
1222 1075 1352 1156 primo

156 1177 266 1263 capit
252 1173 350 1239 t.ulo

241 1275 353 1343 ¹0um
382 1281 499 1341 autem
530 1281 624 1341 esset
648 1275 751 1340 Iesus
781 1296 952 1340 annorum
979 1278 1150 1360 quinque,
1180 1278 1274 1345 facta
1238 1287 1354 1346 test
1399 1271 1400 1276 ἵ

153 1383 267 1472 pluria
287 1400 414 1462 magna
439 1399 544 1462 super
564 1384 708 1459 terram,
740 1384 776 1444 et
797 1377 1033 1444 deambulavit
1019 1386 1140 1462 tpuer
1160 1381 1261 1447 Iesus
1289 1404 1353 1466 per

150 1509 238 1556 eam
268 1483 316 1548 Et
331 1482 450 1566 pluvia
466 1488 542 1547 erat
556 1482 738 1563 terribilis,
756 1502 859 1565 quam
876 1483 1126 1565 congregarit'
1117 1505 1153 1548 111
1170 1485 1351 1569 piscinam,

147 1599 186 1658 et
203 1588 381 1674 praecepit
395 1585 499 1651 verbo
517 1606 579 1650 suo
597 1591 636 1649 ut
651 1585 752 1651 fieret
768 1584 872 1649 clara.
904 1585 1001 1650 Etst
938 1585 1088 1650 ttatim
1104 1586 1176 1651 fact
1162 1593 1198 1652 ta
1214 1594 1277 1653 est.

238 1689 397 1754 ’Iterum
422 1688 571 1753 tollebat
592 1687 634 1753 de
660 1688 735 1753 luto
760 1687 853 1771 quod
879 1694 954 1752 erat
975 1687 1053 1752 de
1043 1708 1121 1769 rpsa
1139 1689 1336 1772 piscinae
1318 1696 1353 1756 et

149 1795 236 1861 fecit
257 1814 296 1857 ex
318 1813 359 1857 ec
382 1790 427 1857 ad
447 1812 644 1856 mensuram
659 1790 738 1855 XII
759 1811 949 1874 passerum.
986 1789 1073 1855 Erat
1094 1797 1210 1856 autem
1232 1793 1354 1858 sabba·

146 1906 224 1963 tum
240 1916 315 1961 cum
332 1894 398 1959 hoc
416 1893 503 1959 fecit
517 1894 618 1959 Iesus
636 1894 868 1977 interpueros
879 1892 1101 1959 Iudaeorum.
1125 1894 1173 1959 Et
1189 1895 1353 1966 abierunt

148 1999 249 2085 pueri
264 1997 477 2063 Iudaeorum
495 1996 653 2062 dicentes
670 1995 714 2061 ad
730 1996 860 2079 Ioseph
876 2002 1010 2079 patrem
1028 1996 1119 2061 eius:
1147 1997 1240 2062 Ecce
1258 1998 1351 2064 filius

146 2111 229 2168 tuus
246 2100 392 2166 ludebat
408 2100 511 2165 simul
528 2099 721 2180 nobiscum,
739 2100 891 2182 tulitque
908 2099 1021 2164 lutum
1039 2105 1074 2165 et
1084 2099 1350 2184 fecitpasseres,

147 2204 242 2288 quod
265 2225 334 2269 non
362 2204 431 2268 fuit
447 2204 590 2286 dignum
606 2204 722 2267 facere
746 2203 781 2266 in
803 2200 964 2283 sabbate,
989 2207 1024 2266 et
1044 2201 1152 2286 fregit
1171 2203 1270 2268 illud.
1304 2205 1352 2270 Et

145 2308 236 2373 abiit
250 2306 380 2390 Ioseph
398 2306 442 2372 ad
457 2326 604 2390 puerum
621 2305 739 2371 Iesum
756 2310 791 2370 et
807 2304 896 2369 dixit
911 2305 980 2370 illi:
1006 2303 1122 2389 Quare
1139 2305 1205 2372 hoc
1221 2306 1350 2389 fecisti,

147 2410 242 2492 quod
259 2431 329 2475 nou
347 2416 423 2474 erat
433 2409 576 2493 dignum
592 2408 709 2473 facere
726 2410 763 2472 in
775 2406 946 2473 sabbato?
969 2408 1069 2473 Iesus
1087 2414 1202 2474 autem
1219 2411 1351 2494 apertis

146 2512 306 2577 manibus
327 2513 509 2596 praecepit
529 2511 732 2594 passeribus
755 2510 891 2575 dicens:
922 2510 1092 2577 Recedite
1118 2511 1154 2575 in
1181 2513 1290 2577 altum
1316 2521 1352 2578 et

215 2722 263 2771 IV.
285 2720 431 2771 Gloriam
448 2725 486 2769 eet
506 2725 564 2769 ete:
584 2735 616 2768 ex
635 2720 678 2769 his
696 2725 810 2783 apparet
822 2719 949 2769 Latinum
963 2720 1043 2768 istum
1057 2720 1180 2771 libellum
1194 2737 1248 2771 uon
1262 2727 1348 2772 totum

143 2806 417 2858 e1Graec0Thom⁸e
431 2807 572 2871 evangelio
587 2804 657 2869 quod
672 2805 766 2854 dieunt
779 2802 900 2855 fluxisse:
916 2804 966 2854 hoc
980 2806 1050 2855 enim
1064 2812 1146 2870 caput
1155 2806 1202 2855 1v.
1214 2806 1249 2856 ad
1262 2810 1348 2871 ipsum

143 2893 198 2942 eius
219 2893 353 2957 esuhgelii
372 2893 481 2948 initium
494 2893 692 2942 conformatum
705 2906 763 2942 esse
776 2891 915 2942 asseritur.
944 2888 1067 2940 Ceterum
1081 2906 1148 2954 quae
1161 2899 1282 2943 correcta
1296 2895 1350 2944 edi·

141 2976 344 3027 dimunitione
363 2979 391 3027 in
405 2977 498 3027 codice
511 2979 550 3027 sic
569 2978 671 3041 scripta
684 2983 762 3028 runt:
791 2977 937 3028 alariarum
954 2981 993 3026 est
1009 2992 1134 3026 enarrare
1148 2978 1265 3028 Itouraia
1283 2981 1351 3030 etde

139 3063 263 3118 aceritus
275 3064 333 3113 Isau
343 3068 479 3127 postquam
491 3079 606 3126 caream
617 3069 655 3112 eat
666 3064 697 3111 de
710 3064 807 3127 Eyipto
819 3065 845 3112 in
859 3064 998 3120 Nazareth,
1015 3063 1173 3112 Iemaelttam
1184 3068 1210 3114 at
1222 3066 1352 3127 apostolor

139 3149 248 3198 domini
266 3149 409 3212 Intelliyite
423 3153 475 3198 etc.

220 3236 242 3283 1.
258 3239 335 3284 erret.-
354 3235 384 3283 in
396 3234 489 3283 codice
502 3234 681 3285 desideratur.

220 3319 249 3369 lu
261 3334 279 3370 r>
292 3321 439 3384 praemisso
453 3320 535 3369 titulo
549 3319 647 3383 capitis
658 3318 794 3369 xxvln.=
814 3320 854 3368 De
866 3334 934 3382 aqua
942 3319 1058 3382 pluuiali
1070 3320 1218 3386 clarificata
1230 3326 1255 3370 et
1267 3323 1351 3371 decem

140 3405 290 3468 sauata
306 3406 338 3454 de
351 3406 404 3454 lato
414 3406 502 3469 sactis
518 3406 544 3453 in
557 3405 675 3462 sabbato,
694 3405 733 3454 sic
747 3404 860 3467 legitur:
882 3388 943 3453 carri
959 3409 1042 3454 autem
1060 3411 1125 3455 osset
1137 3406 1210 3456 lem
1226 3423 1350 3457 annorum

145 3495 268 3554 qucum,
278 3493 360 3555 sacta
378 3495 416 3540 ert
423 3491 516 3552 plavia
527 3506 620 3553 maana
631 3505 707 3551 caper
720 3493 823 3538 terram.
847 3490 886 3539 Et
898 3490 1045 3540 ambulabat
1053 3507 1120 3555 puer
1132 3492 1204 3541 Iecur
1216 3509 1270 3542 cutm
1288 3494 1351 3544 alita

144 3577 235 3640 pueris
240 3593 290 3641 per
298 3577 415 3640 pluviam
427 3582 452 3624 et
464 3592 569 3639 aquarn,
586 3592 651 3639 quae
662 3580 721 3624 erat
733 3575 870 3632 terribilis,
889 3579 1099 3642 canqreqaaitque
1111 3593 1166 3627 cam
1178 3579 1205 3627 in
1215 3580 1349 3641 piscinam,

147 3665 169 3710 ct
183 3664 257 3713 verbo
270 3679 315 3712 ruo
325 3664 461 3726 praecepit
472 3667 500 3711 ut
505 3662 585 3727 fieret
597 3662 751 3711 clarissima.

215 3751 240 3798 2.
258 3751 296 3799 Et
309 3750 426 3799 atteram
435 3750 512 3812 paeri
524 3749 692 3801 Iudaeorum:
711 3750 864 3800 Iudaeorum
884 3751 911 3801 iu
925 3749 1016 3799 codice
1030 3749 1138 3812 punctis
1152 3751 1285 3813 appositis
1302 3753 1350 3801 im-

149 3832 283 3894 probatur.

209 3932 233 3969 1>
247 3923 300 3971 sic:
320 3920 418 3969 Iterum
431 3920 491 3968 tulit
502 3919 576 3969 Iesus
586 3921 618 3969 de
630 3919 690 3970 limo
702 3921 874 3985 ipatucsontis
885 3921 984 3983 etfacit
996 3919 1026 3968 X
1031 3935 1152 3987 passeres
1163 3922 1197 3970 ad
1209 3937 1351 3972 mensuram

147 4000 322 4064 Krine-rerum.
340 4007 413 4056 Erat
424 4011 507 4055 autem
519 4006 649 4055 radiatam
659 4007 760 4070 quando
771 4007 891 4070 hocfecit
901 4004 973 4054 Iesus
984 4006 1011 4053 ta
1022 4000 1103 4054 Mic
1110 4020 1250 4067 panarum
1259 4008 1349 4058 Iades-

146 4100 199 4136 na.
236 4094 273 4142 Et
289 4094 407 4143 abierunt
421 4094 498 4154 pueri
509 4094 621 4142 dicentes
639 4093 673 4141 aa
686 4093 778 4153 Ioseph
788 4096 889 4155 patrem
901 4107 986 4140 mam:
1011 4091 1079 4139 Ecce
1087 4091 1165 4156 fiune
1176 4096 1236 4142 tuac
1247 4093 1351 4144 ludebat

144 4171 218 4225 ΜΖ
230 4180 365 4237 naseam,
378 4184 403 4228 et
413 4179 474 4227 tulit
482 4179 514 4228 de
526 4179 585 4228 timo
598 4179 698 4243 etfacit
709 4178 768 4226 tude
778 4178 807 4226 X
812 4194 940 4241 parceres,
953 4177 1019 4241 quad
1027 4177 1350 4242 nansaitdiquamsacere

141 4255 161 4303 θ’·
170 4264 349 4324 sabbatam
358 4266 446 4330 freyit
457 4265 532 4314 illud.
557 4265 595 4313 at
612 4265 678 4313 abiit
688 4263 781 4325 Ioseph
797 4268 823 4312 et
834 4264 901 4314 dixit
909 4279 1006 4328 pueros
1034 4263 1120 4326 Quare
1131 4265 1177 4312 tec
1189 4265 1350 4328 (sic)secistt

139 4351 207 4405 Μ
226 4371 277 4404 aaa
288 4358 326 4407 cet
336 4353 538 4417 dianumsacere
550 4352 576 4399 ia
589 4351 711 4401 sabbato?
733 4350 807 4399 Iam
818 4353 901 4398 uatem
914 4351 1012 4414 apertis
1022 4351 1136 4400 manibus
1144 4352 1280 4415 praecepit
1288 4368 1350 4416 pac·

135 4436 248 4491 ”ribus
257 4442 355 4492 diem:
380 4438 517 4489 Accendtte
528 4439 555 4486 in
568 4437 648 4486 altam
660 4441 686 4486 et
697 4435 795 4491 volam
814 4451 832 4484 a
842 4435 938 4485 aarum
949 4441 1053 4486 marum
1065 4437 1206 4487 invenietis.
1230 4439 1268 4486 Et
1280 4438 1350 4488 cota·
