2962 4912
142 296 184 359 60
361 296 692 348 Peenno-maurulum
711 294 952 347 evnueemum.
980 295 1053 347 CAP.
1071 295 1123 347 111.

143 453 177 512 et
188 468 269 513 ecce
280 447 437 532 angelus,
456 447 515 530 qui
526 446 690 529 apparuit
706 446 738 511 ei
749 446 917 530 vigilanti,
935 447 1099 530 apparuit
1113 445 1145 511 ei
1160 444 1344 511 insomnis

142 550 278 616 dicens:
309 549 385 633 Ego
409 570 485 613 sum
510 549 655 632 angelus
678 550 738 633 qui
762 549 868 614 adeo
891 548 993 614 datus
1020 571 1095 614 sum
1120 548 1185 614 tibi
1207 555 1343 614 custos:

142 653 315 719 descende
334 672 477 717 securus
495 658 530 716 et
545 658 717 718 revertere
737 651 781 717 ad
796 650 953 732 Annam,
979 652 1062 735 quia
1078 650 1343 716 misericordiae

141 777 228 841 quas
250 755 367 821 fecisti
388 761 425 819 tu
449 751 606 820 etAuna
625 762 789 820 uxortua
809 756 846 820 in
863 761 1053 838 conspectu
1075 754 1238 820 altissimi
1255 754 1346 819 reci·

140 866 234 925 tatae
253 863 349 939 sunt,
373 863 408 921 et
429 856 500 921 tale
517 856 636 921 datum
658 864 712 923 est
727 857 825 922 vobis
846 878 1001 941 germen,
1026 857 1128 940 quale
1151 877 1345 940 numquam

141 961 183 1027 ab
201 960 302 1025 initio
314 980 378 1024 nec
389 959 581 1042 prophetae
598 966 659 1024 aut
676 961 788 1026 sancti
804 960 1003 1025 habuerunt
1016 980 1129 1043 neque
1147 967 1230 1025 sunt
1245 959 1346 1025 habi·

140 1063 222 1128 turi.
251 1061 300 1127 Et
315 1060 447 1127 factum
462 1069 516 1127 est
532 1083 609 1127 cum
626 1063 828 1147 evigilasset
842 1062 998 1127 Ioachim
1014 1083 1035 1127 a
1051 1084 1186 1144 somno,
1207 1063 1346 1128 vocavit

140 1166 241 1231 adse
263 1166 441 1248 gregarios
464 1186 545 1230 suos
567 1172 601 1230 et
622 1165 788 1231 indicavit
810 1167 861 1231 eis
885 1165 1056 1230 somnium
1073 1187 1182 1231 suum.
1214 1163 1267 1230 At
1289 1164 1344 1230 illi

140 1267 560 1333 adoraveruntdominum
576 1268 786 1334 etdixerunt
801 1269 847 1333 ei:
871 1268 962 1336 Vide
974 1288 1017 1333 ne
1034 1267 1345 1334 ultraeontemnee

140 1370 303 1454 angelum
319 1370 390 1451 dei;
413 1371 474 1436 sed
492 1392 594 1454 surge
611 1371 882 1454 proficiscamur,
906 1377 941 1435 et
956 1371 1052 1436 lento
1070 1371 1179 1455 gradu
1197 1391 1346 1455 pascen-

140 1481 339 1540 teceamus.

226 1579 237 1610 ⁵
255 1573 412 1658 Cumque
432 1576 579 1659 triginta
595 1576 670 1641 dies
692 1575 912 1641 ambularent
934 1582 969 1640 et
989 1581 1108 1640 essent
1129 1577 1197 1641 iam
1219 1594 1345 1658 prope,

140 1679 305 1763 apparuit
318 1676 444 1743 Annae
467 1679 504 1743 in
525 1679 682 1743 oratione
707 1679 815 1743 stanti
837 1678 983 1762 angelus
1000 1678 1131 1743 domini
1147 1678 1271 1743 dicens
1295 1678 1345 1743 ei:

138 1781 238 1850 Vade
255 1781 301 1846 ad
316 1787 451 1864 portam
468 1801 557 1864 quae
574 1802 680 1846 aurea
695 1788 838 1846 vocatur
859 1787 894 1846 et
910 1801 1053 1846 occurre
1069 1782 1141 1846 viro
1157 1787 1235 1863 tuo,
1259 1802 1347 1865 quo·

140 1885 234 1949 niam
257 1884 375 1951 veniet
400 1883 444 1948 ad
468 1889 503 1949 te
529 1883 644 1948 hodie.
689 1881 739 1948 At
763 1883 826 1948 illa
849 1883 1060 1949 festinanter
1083 1884 1240 1967 perrexit
1265 1904 1347 1949 cum

139 1987 268 2070 puellis
285 1986 373 2067 suis,
397 1992 432 2050 et
449 1986 565 2069 coepit
581 1987 617 2050 in
636 1987 715 2068 ipsa
729 1994 831 2069 porta
847 1992 943 2051 stans
961 2007 1070 2051 orare.
1106 1986 1155 2051 Et
1171 2008 1251 2052 cum
1267 1986 1347 2052 diu·

140 2090 210 2154 tius
227 2095 447 2172 exspectaret
463 2096 499 2154 et
514 2089 620 2172 longa
635 2089 896 2172 exspectatione
911 2088 1086 2169 deficeret,
1105 2089 1245 2154 elevans
1263 2110 1348 2155 ocu·

140 2191 192 2257 los
212 2211 293 2257 suos
309 2192 397 2256 vidit
411 2191 568 2255 Ioachim
584 2191 781 2256 venientem
803 2212 880 2256 cum
900 2190 1087 2274 pecoribus
1109 2192 1199 2272 suis,
1223 2212 1348 2257 occur·

139 2316 289 2378 rensque
306 2292 413 2360 Anna
429 2292 615 2376 suspendit
630 2314 667 2358 se
684 2294 720 2358 in
738 2293 828 2359 collo
846 2294 933 2376 eius,
950 2294 1080 2377 gratias
1097 2315 1205 2377 agens
1222 2293 1292 2360 deo
1311 2301 1348 2360 et

139 2476 258 2527 raretum
269 2484 344 2529 eom,
355 2466 465 2532 itemetl
478 2470 765 2534 ADmuquadormisset,
775 2485 831 2518 eece
842 2468 846 2534 Ι
858 2482 873 2519 c
884 2470 1089 2534 asgalusdomim'
1099 2466 1103 2532 Ι
1116 2471 1183 2535 aqut
1190 2471 1217 2519 ei
1223 2469 1348 2534 vigilasti

140 2556 191 2603 iam
202 2560 363 2621 appamsrat
376 2552 379 2619 Ι
394 2569 410 2605 Β
423 2556 449 2604 is
461 2571 546 2604 sommo
558 2551 561 2617 Ι
576 2569 592 2603 Β
605 2572 622 2601 a
633 2555 732 2604 domimo
747 2552 750 2617 Ι
764 2555 969 2604 misericordias:
982 2569 998 2603 Β
1011 2557 1140 2605 orationes
1153 2551 1158 2620 Ι
1172 2569 1190 2605 Δ
1200 2572 1267 2620 qaas
1280 2559 1310 2605 tu
1321 2560 1349 2606 et

140 2643 217 2689 Anna
234 2657 299 2690 acor
317 2645 362 2690 tua
370 2641 488 2706 jecistis,
506 2653 522 2689 Β
539 2657 603 2705 quaa
621 2644 648 2689 tss
664 2645 689 2689 et
707 2641 764 2704 ipsa
772 2641 878 2705 fecistis
897 2639 901 2706 Ι
921 2645 946 2690 et
964 2640 1017 2690 tals
1033 2642 1120 2690 datum
1131 2646 1169 2691 est
1187 2641 1216 2703 (Β
1229 2640 1323 2705 datum)
1335 2666 1346 2680 ·

140 2743 272 2790 numquam
284 2726 315 2774 ab
328 2727 384 2775 imit.
397 2743 441 2775 sec
453 2727 483 2788 (Β
497 2741 539 2775 om
556 2726 588 2775 ob
601 2727 657 2776 isit.
676 2725 731 2788 msc)
742 2742 799 2789 pro.
813 2725 900 2786 aut(1›
912 2727 966 2783 ael,·
984 2739 999 2776 c
1013 2726 1068 2788 mea)
1081 2732 1124 2778 ete
1144 2742 1203 2776 cum
1218 2739 1289 2788 cr>133
1308 2740 1344 2777 ΑΒ

140 2812 255 2876 vobisque
268 2809 296 2872 (Β
308 2811 361 2861 vob.
374 2810 449 2873 emim)
462 2812 524 2860 deus
536 2811 613 2861 talem
624 2812 819 2875 dabitfruotum
828 2811 927 2874 qucum
939 2812 970 2859 all
980 2813 1035 2860 isit.
1046 2827 1127 2876 namq.
1136 2813 1242 2863 datus.
1248 2815 1341 2879 propt.

140 2913 184 2946 seo
193 2900 296 2945 saumas
304 2895 585 2960 aliquantutum
598 2892 602 2960 Ι
617 2897 762 2959 Etsactssm
774 2900 875 2944 osteum
885 2897 913 2955 (Β
922 2895 991 2959 dum)
1001 2897 1145 2961 eripilassat
1157 2899 1186 2960 (Β
1195 2899 1341 2965 ess'ys'larst)

140 2988 196 3032 etc:
216 2993 251 3030 ne
271 2981 331 3030 Cum
347 2986 429 3031 autem
442 2982 498 3031 loa.
516 2980 661 3044 evigilasset
673 2997 690 3029 a
701 2996 785 3030 sommo
803 2979 807 3044 Ι
824 2983 960 3045 preparios
977 2998 1035 3032 suos
1052 2983 1082 3045 (Δ
1094 2998 1177 3032 ommes
1185 2983 1289 3047 gropp:
1306 2996 1339 3035 on

138 3068 291 3116 secretarios
302 3083 373 3123 suom·
385 3080 402 3114 Β
414 3082 497 3115 omues
508 3067 552 3130 qui
559 3067 700 3131 pascebant
709 3081 800 3130 μεμε
810 3082 869 3116 assos
888 3064 891 3130 Ι
911 3080 927 3115 Β
941 3069 1024 3131 eisque
1035 3083 1112 3117 somn.
1124 3069 1269 3118 huiuamodi
1280 3073 1339 3119 reri

140 3153 205 3202 lauit
218 3151 222 3216 Ι
236 3153 274 3201 As
286 3152 341 3200 illi.-
353 3165 371 3201 u
383 3151 503 3202 Illicere
518 3149 522 3215 Ι
533 3165 550 3200 Δ
563 3152 635 3200 deum
647 3152 782 3201 admoves.
794 3156 819 3200 et
830 3153 883 3201 dis.
898 3150 902 3217 Ι
916 3155 952 3201 ei:
965 3166 1018 3202 ΔΒΒ
1029 3169 1070 3202 om
1085 3151 1089 3218 Ι
1104 3153 1221 3217 angelum
1231 3155 1275 3204 dei
1284 3170 1340 3207 cum

139 3248 207 3287 cur:
226 3251 244 3285 a
256 3237 351 3286 dietum
363 3236 463 3301 ampeli,
481 3249 497 3285 Β
510 3237 596 3300 augeli
607 3238 678 3286 dieta
692 3236 695 3301 Ι
710 3251 728 3286 a
737 3238 830 3303 preste
842 3239 900 3286 luiso
912 3243 937 3287 et
945 3254 1018 3302 pase.
1029 3254 1120 3301 propes
1132 3238 1200 3287 tssto
1210 3240 1290 3303 grad.
1303 3258 1339 3291 rs·

139 3322 249 3380 mamus,
262 3334 279 3370 Β
292 3323 350 3371 stus
362 3327 387 3372 st
396 3322 466 3387 prof.
480 3326 505 3369 et
513 3337 586 3385 pasc.
596 3338 687 3385 propes
699 3322 768 3372 leuto
777 3338 818 3386 pr.
832 3324 981 3372 reducamus

207 3409 231 3457 5.
260 3408 367 3472 Cumque
385 3432 394 3444 ·
411 3407 570 3456 ambularent
587 3411 613 3455 et
629 3412 711 3456 esseut
728 3407 755 3469 (c
774 3408 932 3457 ambulantes
948 3406 1040 3469 sumat)
1058 3432 1068 3444 ·
1086 3409 1166 3456 utasts'
1191 3407 1222 3469 (Β
1241 3410 1341 3476 statim)

138 3499 181 3545 etc
192 3508 250 3543 oum
261 3503 313 3552 ους
326 3506 343 3541 Β
357 3492 464 3556 Cumque
473 3508 522 3555 pes·
534 3493 590 3541 dtas
601 3492 661 3555 trip.
674 3492 832 3542 ambutantes
839 3494 1013 3557 pervenissent
1022 3498 1080 3552 ete;
1092 3506 1110 3542 Δ
1126 3492 1177 3555 Qui
1189 3510 1244 3542 aum
1256 3498 1342 3559 spatio

138 3581 198 3643 trip.
216 3579 314 3627 dierum
329 3578 452 3627 mmasdo
468 3581 622 3627 revertentes
639 3578 691 3626 iam
702 3593 785 3641 prope
802 3583 896 3636 esseut,
913 3594 969 3627 ecoe
988 3593 1046 3641 unp.
1058 3579 1123 3628 stom.
1135 3580 1217 3628 mauts‘
1229 3581 1299 3629 Asu.
1317 3587 1342 3632 et

138 3665 224 3715 orasti
242 3664 367 3728 appas-uit
379 3672 437 3721 etc;
455 3663 610 3711 similiteru
624 3661 722 3724 (matium
739 3678 787 3726 pro
799 3663 891 3725 stanti)
910 3660 914 3727 Ι
939 3663 1023 3712 Vade:
1041 3677 1058 3712 s
1075 3663 1129 3713 sdd
1146 3668 1172 3712 et
1188 3666 1297 3715 menda
1315 3669 1342 3716 s's

139 3749 277 3798 Ierusalem
296 3747 300 3814 Ι
319 3763 337 3798 a
350 3749 385 3798 ad
392 3752 497 3812 portua
509 3764 573 3811 quae
584 3748 681 3797 dieitur
694 3751 776 3811 porta
786 3764 881 3806 aurea,
900 3761 916 3797 Β
930 3750 964 3798 ad
973 3755 1077 3813 portam
1088 3765 1193 3799 auream
1206 3748 1210 3813 Ι
1223 3752 1344 3814 quautam

138 3844 196 3883 etc:
210 3846 245 3882 uu
260 3834 286 3881 ts
297 3835 340 3883 sia
353 3834 414 3898 quta
425 3833 499 3883 todia
515 3832 544 3895 (Β
557 3849 608 3897 qua
617 3833 675 3882 sine
688 3830 758 3891 tot.)
772 3833 807 3881 ad
819 3838 843 3881 te
855 3835 936 3882 restet
952 3835 981 3896 (Β
994 3835 1072 3898 uestit)
1087 3834 1091 3900 Ι
1105 3837 1142 3884 At
1159 3834 1210 3884 itta
1222 3842 1269 3886 etc
1281 3852 1342 3889 eum

137 3930 205 3977 one3
224 3931 242 3967 u
254 3918 311 3967 Illo
322 3920 480 3984 ergosests's.
493 3934 645 3969 concurrens
653 3919 771 3982 perrexit
782 3919 817 3966 aa
829 3935 896 3976 mm,
915 3931 932 3966 Β
945 3919 1002 3968 ltus
1018 3936 1077 3983 ergo
1089 3936 1195 3984 surptus
1197 3923 1344 3986 festinavit

137 4008 213 4067 atque
225 4003 362 4053 mausum
370 4006 488 4068 perrexit
505 4001 508 4069 Ι
528 4009 554 4054 et
565 4004 647 4066 eoepit
660 4027 668 4039 ·
681 4018 765 4052 orare.
790 4003 829 4053 m
840 4020 895 4053 mmm
905 4006 1003 4055 diutius
1014 4022 1083 4070 casp.
1095 4010 1120 4055 et
1132 4006 1210 4071 lampa
1222 4007 1252 4072 (Ι
1263 4025 1344 4063 oran

137 4093 162 4137 et
179 4088 275 4137 diutius
290 4093 446 4151 exspectare.
469 4091 509 4140 Et
526 4105 580 4139 cum
599 4087 687 4153 leuga)
704 4113 712 4124 ·
731 4104 786 4137 cum
799 4105 856 4154 pse.
873 4092 927 4140 suis
942 4106 1001 4141 cum
1014 4104 1081 4148 cmm·
1099 4105 1117 4141 Δ
1135 4097 1161 4141 a
1177 4093 1343 4157 depromta

137 4174 262 4223 domismm
274 4176 347 4222 maus
358 4175 384 4222 im
395 4179 476 4238 porta
487 4176 531 4224 dim
543 4173 706 4238 exspectabat
718 4190 780 4224 eum.
809 4174 882 4233 Quae
895 4192 949 4225 eum
961 4177 1040 4225 simio
1050 4179 1239 4240 exspectatione
1250 4180 1343 4246 deflea-

137 4264 191 4317 ηε,
208 4260 310 4308 elevans
327 4260 413 4309 ocutos
429 4260 495 4309 siais
507 4260 601 4324 procul
616 4260 704 4310 Icact.
724 4264 776 4310 etc.
806 4261 938 4311 Similiter
954 4274 980 4309 Β.
1001 4260 1004 4325 Ι
1024 4277 1207 4326 cucumerosque
1226 4288 1236 4301 ·
1254 4265 1345 4317 dicen

137 4360 196 4394 cum
210 4357 254 4394 cn.
280 4357 296 4392 Β
308 4348 334 4393 et
345 4345 458 4394 occurrit
469 4346 548 4394 Ausa
559 4350 584 4394 et
595 4346 726 4410 suspendit
738 4361 764 4394 ss
776 4347 802 4394 is
814 4345 880 4396 cotto
892 4347 958 4403 mue,-
971 4363 1049 4412 agens
1059 4348 1106 4396 deo
1115 4362 1157 4411 gs.
1170 4348 1255 4407 attia
1267 4362 1306 4400 u
1319 4356 1345 4402 et

136 4445 272 4480 occurrens
289 4429 331 4478 illi
348 4430 383 4478 aa
396 4430 488 4479 collum
504 4430 559 4479 aius
574 4446 601 4479 se
612 4431 743 4495 suepesds't
755 4434 798 4481 etc
816 4431 844 4493 (Β
856 4432 988 4497 suspesds't
1003 4433 1084 4497 iprum
1101 4432 1276 4495 amplexando
1288 4452 1345 4487 cusu
