2962 4912
601 354 874 406 rnonnsomcas.
1262 373 1334 420 m

152 525 294 573 successu
314 509 353 566 ut
373 525 460 569 nova
482 525 543 568 sua
565 504 705 572 Graecis
720 503 851 569 Latinis
867 503 983 587 Coptis
1006 505 1126 570 mirum
1146 507 1181 570 in
1202 507 1336 573 modum

153 614 386 682 commendaret
408 615 516 698 iisque
538 620 651 680 vetera
672 616 746 680 loeo
768 622 916 681 moveret
938 622 1039 698 atque
1062 618 1307 700 exstingueret?

225 734 319 819 Quae
348 756 448 818 quum
475 737 524 801 ita
552 737 632 818 sint,
662 736 836 816 concludo,
864 743 940 801 acta
961 736 1064 802 Pilati
1093 759 1178 822 quae
1205 738 1248 804 ad
1274 759 1337 805 nos

152 854 361 932 pervenerunt
377 849 412 911 in
432 849 481 911 rei
505 868 631 913 summa
650 848 693 913 ab
712 849 753 912 iis
777 869 860 931 quae
879 850 945 912 iam
966 849 1110 915 secundo
1131 851 1262 917 saeculo
1282 873 1336 917 ex-

151 959 263 1024 stitisse
279 956 430 1022 Iustinus
449 958 546 1024 docet
568 980 634 1025 non
657 958 787 1025 diversa
809 980 891 1042 esse,
913 960 977 1024 nisi
1000 960 1089 1043 quod
1112 963 1234 1027 sensim
1256 963 1340 1027 mul·

150 1068 283 1134 tifsrim
309 1071 486 1134 immutata
507 1076 608 1152 atque
630 1070 833 1152 interpolata
855 1070 1019 1135 censenda
1042 1081 1127 1137 sunt.
1171 1072 1265 1156 Quae
1287 1075 1338 1138 in-

147 1178 315 1263 terpolatio
345 1201 446 1263 quum
475 1181 573 1262 plane
602 1201 642 1245 ex
673 1201 765 1246 more
796 1181 1061 1265 apocryphorum
1091 1182 1253 1248 librorum
1282 1185 1335 1267 sit,

146 1300 205 1355 tum
236 1291 425 1374 significata
452 1292 494 1357 ab
520 1292 602 1374 ipsis
629 1297 680 1357 est
701 1293 867 1358 veteribus
879 1294 913 1375 1).
957 1293 1048 1358 Mira
1078 1299 1188 1359 autem
1219 1299 1333 1361 textus

144 1403 294 1486 varietas,
317 1424 402 1487 quae
424 1405 460 1468 in
481 1404 627 1470 textibus
649 1406 773 1470 nostris
796 1409 830 1470 et
852 1405 1098 1470 commentariis
1121 1411 1198 1471 ante
1222 1407 1342 1473 oculos.

143 1515 245 1598 posita
267 1519 328 1597 est,
350 1515 628 1598 interpolatorum
650 1521 762 1597 partes
784 1516 968 1581 luculenter
991 1520 1143 1581 testatur.

219 1634 287 1699 Per
309 1656 408 1717 quem
432 1640 465 1699 et
487 1654 554 1718 quo
582 1635 720 1700 oonsilio
749 1636 831 1701 haec
859 1641 934 1701 acta
962 1637 1145 1718 composita
1172 1643 1342 1720 putemus‚.

142 1747 171 1810 id
197 1767 305 1829 neque
333 1767 393 1829 per
416 1766 450 1810 se
474 1745 609 1810 dubium
637 1752 689 1810 est
715 1751 748 1811 et
771 1747 893 1811 dudum
924 1769 944 1812 a
975 1747 1087 1811 multis
1117 1748 1335 1830 probabiliter

143 1857 258 1922 dictum
282 1864 342 1923 est.
387 1856 584 1940 Composuit
606 1859 693 1924 enim
713 1858 923 1924 Christianus
947 1881 986 1924 ex
1009 1857 1144 1924 Iudaeis
1167 1859 1336 1942 oriundus,

142 1969 170 2033 id
192 1969 280 2052 qnod
308 1974 343 2034 et
371 1968 439 2034 stili
468 1976 502 2034 et
529 1991 640 2034 rerum
668 1975 702 2034 et
731 1969 859 2034 consilii
887 1971 975 2034 ratio
1003 1970 1132 2036 abunde
1160 1970 1270 2051 docet,
1302 1977 1335 2036 et

142 2079 268 2163 quidem
288 2081 324 2144 in
347 2101 422 2144 eum
443 2079 542 2145 finem
564 2086 602 2144 ut
623 2081 839 2162 popularibus
862 2082 930 2145 suis
952 2081 992 2147 de
1008 2080 1142 2146 Christo
1161 2081 1238 2147 iesu
1261 2102 1337 2164 per·

141 2191 288 2256 suaderet
318 2192 511 2257 testimonio
543 2193 814 2274 gravissimorum
841 2191 1043 2258 Iudaeorum
1070 2194 1104 2256 in
1136 2194 1336 2258 auctoritate

143 2304 411 2386 constitutorum,
449 2324 563 2368 eorum
594 2305 650 2387 qui
686 2304 785 2368 rebus
822 2305 904 2386 ipsis
935 2303 1164 2368 interfuissent
1194 2305 1335 2388 ipsoque

142 2436 242 2480 rerum
270 2420 389 2480 eventu
417 2415 459 2480 ab
488 2416 650 2480 acerrima
671 2415 847 2480 inimicitia
869 2414 911 2479 ad
932 2415 1031 2480 finem
1052 2413 1193 2497 perculsi
1216 2421 1334 2481 essent.

145 2525 232 2611 Quod
254 2527 303 2590 ita
324 2524 405 2592 se'cit
426 2532 473 2608 ut,
494 2526 663 2610 patefacta
685 2528 906 2591 accusationis
928 2527 1044 2591 hande
1063 2533 1096 2591 et
1112 2526 1333 2592 damnationis

145 2637 308 2719 iniustitia,
331 2635 502 2702 Christum
525 2638 759 2703 comitantibus
782 2638 947 2720 portentis
965 2643 1141 2720 mortuum,
1162 2639 1264 2703 tertio
1280 2638 1333 2704 die

148 2770 180 2812 ex
197 2749 336 2814 mortuis
359 2749 556 2814 mirabiliter
578 2750 613 2813 in
635 2750 738 2813 vitam
764 2751 968 2829 restitutum,
1000 2750 1141 2833 denique
1163 2751 1271 2814 vivum
1297 2750 1332 2813 in

150 2859 242 2926 coelos
269 2867 454 2925 assumtum
475 2866 636 2925 narraret.
679 2860 916 2926 Narrationem
939 2865 1050 2926 autem
1073 2881 1165 2925 suam
1186 2861 1236 2925 ita
1257 2880 1332 2925 con·

150 2973 240 3037 texuit
261 2978 299 3036 ut
321 2973 428 3037 multa
450 2973 616 3037 canonicis
639 2971 817 3055 evangeliis
839 2972 964 3036 tradita
986 2994 1054 3037 non
1075 2977 1144 3039 tam
1166 2977 1333 3054 repeteret

152 3105 232 3166 quam
254 3084 461 3150 fundamenti
482 3082 556 3149 loco
578 3089 726 3165 poneret.
770 3082 863 3167 Quos
885 3089 1059 3165 praeterea
1081 3083 1190 3148 fontes
1213 3068 1333 3149 adierit

152 3197 201 3260 etsi
220 3216 285 3260 non
308 3195 424 3279 liquet,
446 3201 557 3261 tamen
580 3195 662 3278 quin
683 3193 843 3259 nonnulla
865 3216 905 3258 ex
924 3194 1013 3258 fama
1027 3194 1169 3259 fideliter
1185 3215 1241 3258 ore
1256 3215 1331 3276 pro-

149 3310 256 3388 pagata
277 3311 311 3370 et
333 3307 482 3389 potuerit
504 3307 630 3372 discere
653 3310 686 3370 et
709 3304 863 3369 adhibere
886 3304 1052 3383 debuerit,
1080 3326 1121 3370 ne
1143 3304 1331 3370 hominibus

149 3416 182 3481 ab
200 3422 307 3483 aetate
332 3416 459 3483 Christi
488 3438 554 3483 non
577 3417 626 3482 ita
646 3416 744 3498 longe
766 3417 903 3481 remotis
926 3415 1075 3481 fraudem
1097 3417 1208 3498 potius
1231 3436 1331 3497 quam

148 3527 305 3592 istoriam
337 3528 470 3593 tradere
501 3528 682 3610 videretur,
718 3549 757 3592 eo
789 3527 897 3591 minus
929 3528 1044 3593 dubito
1074 3549 1140 3611 quo
1172 3526 1330 3591 maiorem

146 3637 210 3703 libri
237 3646 389 3704 eventum
418 3644 576 3705 testatum
604 3638 771 3704 hahemus.
815 3636 910 3703 Idem
932 3660 1010 3703 vero
1037 3641 1137 3701 etiam
1162 3643 1330 3702 testantur

143 3749 280 3832 ipsorum
301 3755 453 3816 textuum
475 3755 664 3816 nostrorum
686 3749 750 3816 loci
774 3748 915 3832 aliquot,
946 3769 1084 3832 quorum
1108 3770 1192 3830 quae
1215 3754 1265 3813 est
1287 3748 1329 3813 ad

142 3862 291 3926 canonica
312 3861 474 3945 quaedam
497 3861 583 3926 ratio
606 3861 741 3925 minime
764 3859 961 3944 negligenda
983 3865 1040 3924 est.

214 4079 238 4152 11)
256 4087 299 4138 Ct’.
318 4089 441 4153 inprimis
459 4089 593 4153 Epiphsn.
613 4089 717 4138 haeres.
737 4089 768 4137 L.
789 4083 1076 4150 (Quartadecimsnor.)
1100 4101 1170 4135 num.
1185 4087 1208 4135 1.
1233 4080 1328 4149 ἕτεροι

139 4169 165 4220 le*
181 4204 189 4214 ·
206 4205 215 4214 ·
233 4166 302 4222 ἁωὸ
321 4167 387 4239 τῶμ
406 4165 504 4239 ἆκτωμ
523 4168 613 4240 ὁῇθεμ
634 4165 766 4221 Πιλάτου
785 4165 907 4234 αὐχοῦσι
926 4162 983 4235 reip
1002 4164 1144 4236 cirpisseonp
1168 4165 1327 4235 εὑρηκέμαι,

138 4254 165 4324 ἐμ
184 4254 229 4305 oio
247 4253 411 4325 ἐμφέρεται
430 4252 467 4323 τῷ
485 4250 547 4321 ωρὸ
567 4253 646 4305 ὀκτὼ
666 4253 820 4324 καλαμὸὠμ
837 4250 1020 4320 ’λωριλλῑωμ
1045 4247 1099 4320 τὸμ
1125 4248 1248 4318 σωτῆρα
1270 4266 1327 4303 ωε-

137 4340 278 4411 ωομθέμαι
298 4376 330 4387 -.
349 4338 391 4392 ἔτι
410 4340 442 4392 δὲ
460 4340 586 4413 εῦρομεμ
606 4339 775 4411 ᾶμτῑγραῲα
793 4339 824 4392 ἐκ
841 4337 905 4410 reip
926 4332 1057 4389 Πιλάτου
1075 4337 1107 4408 ἐμ
1128 4336 1174 4389 oio
1192 4337 1326 4408 σΗμαίμει

136 4426 192 4496 mod
210 4425 383 4498 δεκαωέμτε
402 4427 555 4499 καλαμόὥμ
569 4426 753 4496 *amolitione
771 4424 808 4478 τὸ
821 4426 932 4478 uictor
948 4423 1137 4496 γεγεμῆσθαι.
1176 4420 1183 4436 ’

1022 4527 1117 4559 esses
