2962 4912
141 266 204 329 104
264 267 598 318 Psnouo-MaTrnnar
618 266 857 317 EVANGELIUM.
885 267 957 318 CAP.
976 264 1096 318 xxxll'.
1114 262 1217 313 xxxV.

578 516 698 584 Cruor
721 518 900 586 XXXIV.

226 688 358 754 Iterum
375 689 523 771 quadam
541 688 597 754 die
620 690 726 754 exivit
747 691 782 753 in
800 711 919 773 agrum
943 697 977 754 et
992 688 1075 752 tulit
1090 708 1212 769 parum
1228 685 1347 750 tritici

142 791 183 855 de
201 791 325 856 horreo
342 792 462 856 matris
480 813 578 874 suae,
602 800 637 857 et
656 792 745 857 illud
766 794 841 876 ipse
862 793 1054 857 seminavit.
1085 790 1132 854 Et
1149 796 1270 854 natum
1289 795 1346 853 est

142 902 176 958 et
199 894 306 959 crevit
325 901 359 958 et
379 893 649 977 multiplicatum
672 904 726 960 est
748 896 861 959 nimis.
893 895 940 959 Et
960 896 1089 959 factum
1111 901 1164 959 est
1186 892 1345 975 denique

141 1005 179 1061 ut
195 999 269 1080 ipse
287 1003 444 1077 meteret,
463 1006 497 1062 et
514 998 656 1082 collegit
672 998 807 1063 fructus
826 1019 866 1063 ex
883 1018 924 1063 eo
941 1006 1011 1063 tres
1029 998 1163 1077 choros,
1182 1005 1217 1061 et
1235 995 1349 1059 dona-

140 1100 188 1164 vit
204 1099 459 1183 multiplicibus
476 1102 559 1165 suis.

588 1320 708 1388 Carur
732 1322 889 1390 XXXV.

224 1492 290 1557 Est
304 1493 359 1559 via
370 1513 457 1575 quae
476 1495 547 1558 exit
563 1494 605 1558 de
616 1493 754 1559 Iericho
772 1501 808 1560 et
823 1493 938 1558 tendit
954 1493 996 1558 ad
1008 1492 1169 1558 Iordanis
1186 1491 1344 1571 fiuvium,

139 1594 200 1659 ubi
221 1596 438 1660 transierunt
462 1594 526 1659 filii
547 1595 671 1661 Israel:
699 1595 749 1659 ibi
771 1616 852 1659 arca
874 1593 1076 1659 testamenti
1096 1593 1229 1658 dicitur
1249 1614 1342 1657 rese-

139 1696 243 1761 disse.
287 1696 336 1762 Et
358 1706 432 1763 erat
455 1697 556 1762 Iesus
582 1719 750 1764 annorum
774 1707 851 1763 octo
875 1704 910 1763 et
932 1698 1037 1762 exivit
1057 1697 1098 1762 de
1121 1696 1278 1777 iericho,
1307 1703 1343 1760 et

138 1799 212 1865 ibat
233 1800 276 1864 ad
293 1799 489 1865 Iordanem.
520 1801 567 1864 Et
590 1808 664 1866 erat
680 1822 781 1867 secus
798 1802 887 1866 viam
910 1807 1030 1884 crypta
1049 1822 1158 1883 prope
1175 1800 1343 1866 Iordanis

138 1905 248 1986 ripam
265 1904 325 1967 ubi
343 1903 467 1969 leaena
477 1904 612 1968 catulos
630 1904 824 1984 nutriebat3
842 1910 877 1969 et
893 1904 1011 1968 nullus
1028 1902 1343 1986 poteratperviam

139 2026 282 2071 securus
304 2007 493 2071 ambulare.
532 2006 688 2073 Veniens
710 2013 825 2072 autem
848 2006 949 2072 Iesus
973 2008 1014 2071 de
1037 2006 1190 2087 Iericho,
1213 2026 1346 2088 cogno-

139 2130 239 2174 scens
257 2109 349 2192 quod
367 2110 402 2174 in
421 2116 540 2193 crypta
555 2110 617 2175 illa
633 2110 757 2175 leaena
772 2109 864 2175 filios
882 2130 963 2175 suos
981 2116 1198 2193 generasset,
1221 2107 1345 2172 viden-

138 2212 232 2277 tibus
249 2213 384 2277 cunctis
402 2213 560 2278 introivit
576 2212 611 2277 iu
630 2234 715 2278 eam.
749 2210 800 2278 As
816 2213 877 2277 ubi
892 2213 1055 2277 viderunt
1071 2213 1191 2277 leones
1208 2211 1345 2291 Iesum,

138 2324 367 2381 cucurrerunt
383 2315 414 2380 ei
430 2315 565 2381 obviam
583 2322 617 2381 et
633 2316 867 2382 adoraverunt
883 2337 970 2381 eum.
1011 2316 1059 2380 Et
1074 2315 1175 2381 Iesus
1193 2314 1349 2380 sedebat

137 2419 173 2482 in
194 2438 354 2498 caverna,
374 2424 416 2487 ‚et
436 2419 544 2484 catuli
565 2419 705 2485 leonum
729 2419 974 2485 discurrebant
999 2421 1091 2485 circa
1115 2419 1224 2502 pedes
1251 2420 1350 2499 eins,

75 2578 80 2593 ,
136 2519 359 2585 blandientes
386 2542 462 2586 cum
489 2542 529 2587 eo
556 2529 591 2586 et
614 2521 788 2587 ludentes.
828 2521 966 2588 Leones
990 2543 1071 2587 vero
1098 2522 1256 2588 seniores
1284 2521 1348 2586 de·

138 2622 241 2688 misso
265 2622 378 2705 capite
401 2623 546 2706 alonge
570 2624 711 2689 stabant
731 2630 766 2688 et
786 2624 1019 2690 adoraverunt
1040 2646 1132 2704 eum,
1159 2631 1194 2688 et
1216 2624 1348 2689 caudis

139 2727 211 2792 suis
227 2725 502 2792 blandiebantur
520 2733 601 2792 ante
622 2748 710 2792 eum.
747 2726 846 2793 Tunc
863 2728 1015 2811 populus
1033 2730 1092 2812 qui
1115 2728 1255 2809 alonge
1274 2734 1350 2791 sta-

139 2830 210 2909 bat,
228 2850 297 2893 non
314 2829 434 2895 videns
450 2829 578 2909 Iesum,
596 2830 697 2894 dixit:
728 2830 799 2896 Hic
815 2832 884 2896 nisi
902 2833 1019 2915 gravia
1034 2832 1179 2897 fecisset
1194 2840 1349 2913 peccata

208 3036 325 3086 xxxia
344 3036 528 3100 multiplicitas
546 3039 613 3087 auio:
634 3039 674 3088 ita
691 3040 820 3102 scriptum
839 3045 881 3088 sat
900 3039 928 3088 in
948 3038 1040 3088 codice
1059 3053 1084 3086 a.
1122 3038 1161 3088 Cf.
1182 3041 1255 3089 infra
1274 3056 1350 3105 quoe

139 3122 232 3172 horum
246 3123 305 3171 loco
319 3123 347 3172 iu
361 3121 419 3172 cod.
432 3135 450 3171 a
462 3123 598 3187 leguntur.
623 3122 656 3173 Iu
669 3123 720 3173 hoc
732 3129 822 3173 autam
836 3124 928 3173 codice
942 3124 1063 3188 hydriam
1077 3134 1285 3188 conquassatam
1300 3144 1347 3176 cx·

139 3208 244 3273 cipiunt
262 3209 431 3258 narrationes
450 3208 590 3258 demorsa
608 3210 716 3273 viperae
735 3213 764 3259 at
777 3209 810 3258 de
824 3209 977 3272 passeribus
996 3224 1028 3258 ex
1040 3210 1098 3258 luto
1112 3211 1201 3260 factis.
1226 3212 1293 3261 Tum
1313 3228 1348 3262 aa

140 3306 207 3357 quae
220 3299 262 3342 eat
276 3292 308 3342 dc
322 3294 415 3344 tritico
428 3294 558 3357 sequitur,
572 3294 615 3343 his
628 3298 760 3358 concepta
773 3294 875 3344 verbis:
903 3295 961 3342 Cara
973 3298 1038 3342 earet
1050 3293 1122 3343 Iasae
1134 3312 1258 3345 annonas
1271 3299 1345 3361 qais·

139 3378 226 3436 decim,
240 3379 348 3442 quadram
361 3379 402 3427 die
414 3378 475 3427 tulit
486 3378 600 3427 triticam
609 3379 640 3428 da
649 3381 740 3428 horreo
749 3381 839 3429 matris
851 3395 911 3428 ruas
925 3375 978 3442 [et]
992 3381 1131 3428 criminavit.
1151 3381 1233 3429 Aliud
1244 3382 1346 3443 (codex

140 3462 216 3526 illud)
228 3479 305 3526 anper
314 3468 417 3527 petram
429 3465 529 3522 cecidit,
543 3465 608 3528 qaod
620 3466 746 3514 tumorem
757 3481 807 3514 aaa
815 3465 902 3513 babuit
908 3484 917 3520 ,-
931 3464 1004 3513 aliud
1017 3466 1044 3512 in
1056 3469 1152 3513 mam
1164 3466 1263 3525 boram,
1276 3470 1348 3532 qaod

139 3553 225 3598 natam
237 3554 288 3607 eat,
306 3553 331 3599 et
349 3565 380 3599 ea
397 3565 425 3598 eo
438 3549 542 3612 collegit
554 3554 651 3599 certam
663 3550 749 3599 corbes
761 3551 843 3599 tritici
854 3555 1023 3599 ramaaratas.
1053 3550 1159 3599 Vocaoit
1167 3567 1300 3617 pauperes
1312 3570 1348 3602 ac

138 3635 246 3693 (totilae,
263 3634 353 3683 viduas
369 3639 394 3683 et
406 3636 550 3699 orphanae,
568 3640 594 3684 et
611 3637 648 3684 eis
660 3636 772 3684 triticam
784 3636 912 3699 erogavit,¹
929 3636 973 3684 aed
987 3632 1094 3700 [etiam]
1107 3637 1199 3701 Ioaspls
1217 3639 1253 3687 ad
1266 3640 1344 3703 impe·

139 3720 205 3768 riam
221 3721 303 3783 ipaiur
320 3720 380 3769 tulit
391 3721 514 3769 modicum
526 3737 578 3786 pro
591 3721 760 3770 benedictione
777 3722 804 3769 ia
816 3722 888 3770 danao
900 3738 955 3770 aaa.
980 3720 1021 3770 cf.
1035 3737 1129 3787 evang.
1142 3722 1235 3773 Thom.
1249 3725 1345 3774 Latin.

140 3821 197 3869 cap.
211 3804 250 3862 X„
264 3806 306 3855 cui
318 3806 398 3855 stiam
411 3806 602 3870 adscripsimus
615 3822 682 3870 quae
696 3806 846 3855 consimilia
859 3820 877 3856 n
891 3806 1009 3870 praebet.

209 3889 312 3938 XXXV.
331 3890 404 3941 Haec
423 3890 456 3939 de
475 3897 572 3956 crypta
589 3893 696 3940 leonum
713 3891 832 3940 narratio
851 3891 879 3940 in
893 3890 986 3941 codice
999 3904 1016 3939 a
1030 3906 1083 3941 non
1097 3893 1204 3957 legitur.
1229 3894 1347 3959 Legitur

140 3975 244 4025 veroin
256 3987 274 4023 n
288 3975 381 4025 codice
394 3991 424 4026 ao
438 3977 528 4040 capita
542 3976 614 4041 quod
626 3976 785 4040 inscriptum
800 3982 856 4026 sat:
882 3976 1010 4038 Quomodo
1024 3976 1344 4041 (Quaado)1emiatra·

142 4061 177 4109 nlt
189 4061 215 4109 ir
227 4065 339 4125 cryptam
354 4061 474 4110 hasnoni.

210 4146 261 4194 Eat
270 4147 312 4194 oia
325 4172 333 4182 ·
346 4147 447 4195 Ikerico
460 4172 468 4182 ·
482 4147 524 4195 nbi
535 4148 615 4196 arcta
628 4172 636 4183 ·
650 4163 773 4196 annorum
781 4151 875 4211 reptem
887 4151 912 4196 et
924 4148 987 4196 exiit
998 4148 1029 4196 de
1039 4148 1140 4197 Hierico
1153 4174 1161 4184 ·
1175 4149 1247 4199 Erat
1259 4155 1347 4199 autem

141 4246 211 4280 secar
223 4255 232 4267 ·
242 4248 291 4295 per
303 4233 369 4281 ciam
382 4231 455 4280 illam
468 4258 477 4268 ·
495 4232 602 4281 l'eraa'ena
614 4237 696 4282 autem
708 4234 739 4281 de
753 4233 855 4282 Hierico
867 4234 939 4282 Ieaaa
952 4239 977 4282 et
989 4249 1138 4296 cognoscem
1149 4236 1210 4298 qaia
1223 4261 1231 4271 -
1245 4238 1347 4285 canetis

142 4316 282 4366 videntibus
298 4319 325 4365 irs
341 4333 396 4365 eam
409 4318 546 4367 introivit·
559 4323 725 4368 occurrerant
737 4319 761 4366 ei
773 4319 870 4368 obviam
883 4345 891 4356 ·
906 4320 979 4368 Ietas
991 4324 1074 4367 antero
1087 4345 1095 4355 ·
1109 4320 1194 4368 bland.
1207 4325 1233 4370 et
1245 4320 1346 4370 ladeat.

141 4417 195 4449 cam
213 4417 249 4451 eo.
274 4401 370 4451 Leoaea
389 4418 446 4452 nera
463 4404 569 4453 damiata
588 4428 597 4440 ·
615 4405 759 4453 adorabant
772 4429 780 4440 ·
794 4409 818 4454 et
837 4420 885 4455 aaa
904 4405 991 4453 videno
1008 4404 1057 4452 les.
1076 4405 1176 4454 dicebat
1188 4431 1197 4442 ·
1209 4406 1349 4458 obtuliaaet
