2962 4912
358 199 689 251 Pssunonstuusul
708 201 950 252 avuncunlum.
979 200 1052 250 CAP.
1072 201 1118 251 Vl.
1297 201 1339 263 63

135 347 313 415 infantula
330 372 407 416 esse
418 359 602 433 putaretur
619 349 680 415 sed
691 373 824 434 magna,
842 358 877 416 et
888 352 987 434 quasi
1007 351 1154 433 triginta
1169 371 1339 416 annorum

140 454 206 516 iam
227 460 322 518 esset
342 455 392 518 ita
414 454 632 519 orationibus
653 455 851 519 insistebat.
887 454 936 518 Et
956 452 1206 535 resplendebat
1229 452 1338 517 facies

144 556 215 620 eius
237 558 328 620 sieut
350 558 424 636 nix,
451 558 501 623 ita
525 564 564 621 ut
579 558 634 620 vix
653 564 800 638 possent
824 558 860 621 in
887 557 962 620 eius
985 555 1118 620 vultum
1142 555 1338 619 intendere.

146 657 332 724 Insistebat
350 666 467 724 autem
484 661 582 742 operi
598 661 759 742 lanificii,
783 667 818 724 et
834 661 949 723 omnia
965 679 1054 742 quae
1071 659 1235 722 mulieres
1252 659 1340 722 anti-

152 783 230 846 quae
246 783 315 827 non
331 768 523 845 potuerunt
539 762 671 844 facere,
694 765 763 828 ista
779 763 814 825 in
832 769 953 826 tenera
969 768 1083 826 aetate
1100 763 1217 845 posita
1233 761 1340 844 expli·

154 866 251 930 cabat.
282 864 413 930 'Hane
429 870 545 930 autem
562 865 719 948 regulam
735 866 802 929 sibi
820 871 1000 946 statuerat,
1018 871 1056 928 ut
1072 886 1092 929 a
1110 886 1210 929 mane
1227 885 1339 946 usque

156 969 192 1035 ad
205 969 318 1033 horam
334 969 474 1031 tertiam
492 969 710 1033 orationibus
727 969 923 1051 insisteret,
940 967 1076 1031 atertia
1094 974 1211 1032 autem
1227 987 1339 1049 usque

158 1072 318 1138 adnonam
330 1073 482 1135 textrino
499 1091 603 1153 opere
616 1093 652 1136 se
669 1078 870 1154 oocuparet:
889 1089 1101 1135 anonavero
1112 1070 1198 1134 hora
1212 1071 1339 1134 iterum

161 1175 193 1240 ab
214 1175 365 1238 oratione
392 1195 461 1238 non
488 1174 675 1239 recedebat
704 1194 814 1257 usque
842 1172 923 1236 dum
953 1171 1005 1234 illi
1036 1172 1181 1254 angelus
1207 1171 1339 1235 domini

163 1280 337 1360 appareret,
360 1274 402 1339 de
430 1276 528 1339 euius
552 1297 654 1340 manu
679 1297 793 1341 eseam
814 1276 1005 1358 acciperet,
1028 1280 1063 1339 et
1087 1273 1211 1338 melius
1233 1280 1339 1356 atque

164 1380 263 1447 melius
284 1379 320 1441 in
344 1377 401 1442 dei
421 1378 586 1443 laudibus
607 1379 823 1462 proficiebat.
858 1377 1023 1459 Denique
1042 1397 1118 1440 curn
1141 1377 1339 1441 senioribus

165 1480 329 1564 virginibus
352 1482 388 1543 in
412 1480 469 1544 dei
491 1481 655 1546 laudibus
678 1483 728 1545 ita
750 1481 956 1561 docebatur,
981 1487 1021 1543 ut
1041 1480 1109 1543 iam
1130 1478 1229 1542 nulla
1249 1480 1281 1543 ei
1302 1481 1338 1543 in

166 1583 267 1667 sigiliis
289 1584 386 1665 prior
410 1584 641 1664 inveniretur,
663 1584 699 1648 in
722 1585 897 1667 sapientia
913 1583 1001 1666 legis
1019 1582 1076 1646 dei
1093 1581 1279 1663 eruditior,
1302 1583 1338 1645 in

167 1684 334 1752 humilitate
356 1683 536 1766 humilior,
561 1686 597 1749 in
624 1687 836 1750 carminibus
858 1685 1040 1750 Dauidieis
1066 1684 1277 1767 elegantior,
1303 1685 1339 1748 in

168 1791 283 1854 caritate
305 1788 510 1870 gratiosior,
536 1789 571 1851 in
594 1789 755 1852 castitate
778 1789 912 1871 purior,
939 1788 974 1851 in
1002 1789 1093 1851 omni
1114 1788 1241 1851 virtute
1264 1805 1341 1869 per-

168 1893 275 1957 fectior.
311 1890 400 1954 Erat
421 1892 512 1953 enirn
536 1898 716 1971 constanS,
741 1889 945 1970 immobilis,
969 1888 1211 1969 immutabilis,
1233 1876 1340 1971 atque

165 2118 200 2166 prr
208 2114 245 2163 pro
256 2098 403 2162 terpretatur
415 2104 515 2163 tamque
526 2100 636 2158 assidue,
650 2102 714 2150 item
728 2101 919 2164 irssantntasset,
931 2100 975 2148 sed
985 2099 1058 2162 quari
1068 2113 1115 2162 pro
1127 2098 1258 2163 infantula
1263 2103 1340 2162 puta·

168 2188 277 2234 interesse
288 2185 331 2232 sed
345 2191 373 2233 ut
384 2185 476 2234 adulta
485 2187 566 2249 quasi.
581 2183 585 2250 Ι
600 2187 638 2234 Et
649 2186 826 2250 resplendebat
838 2211 847 2222 ·
861 2185 990 2233 intendere
1003 2200 1061 2233 cum
1075 2195 1120 2240 cn,
1131 2184 1197 2232 item
1211 2183 1264 2246 (orn
1275 2185 1342 2232 sicud

168 2272 233 2319 siritu
242 2274 268 2318 et
276 2269 358 2319 habet
365 2272 490 2333 potuisset
500 2273 555 2334 quis
568 2272 594 2318 in
604 2271 698 2320 cultura
710 2272 763 2319 eius
775 2269 923 2333 adtendere)
936 2284 967 2329 n;
981 2285 998 2318 a
1009 2271 1127 2332 Eratque
1139 2270 1165 2316 irs
1176 2272 1273 2317 tanturn
1285 2285 1340 2332 spe·

168 2358 217 2404 sicea
226 2359 248 2403 et
258 2355 392 2418 splendida
404 2357 562 2420 aiassacies,
582 2358 620 2404 ita
633 2361 661 2404 ut
674 2357 715 2403 ria
728 2356 823 2419 aliquis
836 2357 861 2403 in
874 2355 945 2403 itlius
958 2356 1052 2404 uultum
1061 2359 1148 2418 posset
1159 2355 1304 2402 intendere:
1323 2368 1339 2401 n

168 2442 234 2491 annis
248 2456 286 2489 om
304 2437 307 2505 Ι
328 2440 444 2489 Insisteb.
462 2446 544 2490 antem
563 2441 591 2504 (rr
604 2441 678 2501 enirn)
698 2443 771 2504 operi
788 2441 884 2506 tanific.
904 2440 931 2502 (c
945 2441 979 2488 ad
995 2457 1057 2504 opus
1070 2439 1138 2498 tan,
1156 2453 1173 2487 n
1192 2441 1218 2487 in
1236 2439 1340 2500 tanitico

167 2524 230 2592 opere)
241 2532 263 2574 et
275 2551 283 2561 ·
297 2526 444 2589 explicabat
455 2525 484 2586 (n
497 2526 625 2590 saplebat)
639 2533 669 2575 ut
680 2538 748 2586 cnn3
762 2541 779 2574 s
793 2528 845 2575 Ins.
859 2542 918 2588 erpo
931 2527 1002 2589 operi
1015 2526 1118 2591 taniflco
1131 2529 1159 2573 ut
1170 2526 1254 2573 omnia
1267 2549 1276 2560 ·
1289 2540 1339 2573 non

164 2613 320 2677 pataantsac.
334 2613 391 2675 ipsa
404 2637 412 2646 ·
425 2611 574 2675 explicaret.
597 2613 673 2661 ltacit
686 2627 702 2661 n
715 2628 773 2661 cum
788 2626 813 2669 s,
827 2612 874 2660 sed
887 2617 950 2675 post
962 2616 990 2659 ut
1002 2613 1093 2676 pergit
1105 2610 1137 2658 ab
1149 2610 1260 2658 omnibus
1271 2610 1339 2658 side·

166 2703 218 2746 retur
226 2698 372 2760 sapientiam
383 2698 483 2754 trabere,
496 2698 534 2745 ita
547 2698 613 2761 quod
625 2699 708 2746 osnnia
720 2714 783 2761 qaae
796 2702 848 2747 etc.

216 2803 235 2849 2.
252 2800 327 2849 Hanc
338 2804 422 2847 autem
435 2799 548 2861 reputans
559 2799 608 2847 sibi
617 2800 645 2862 (u
654 2800 703 2848 sibi
714 2800 772 2863 ipsa
784 2798 866 2861 repa.)
876 2802 1004 2847 statuerat
1015 2802 1044 2846 ut
1056 2796 1084 2859 (n
1097 2798 1253 2854 instituerat,
1266 2813 1341 2861 quarn

165 2886 328 2949 ddipestissinse
346 2885 509 2942 obseruabat,
528 2885 656 2947 videlicet)
677 2883 680 2947 Ι
701 2901 787 2932 inane.-
806 2897 824 2931 1)
834 2885 922 2948 prima
940 2880 943 2946 Ι
962 2887 1029 2932 orat.
1046 2884 1175 2932 insisteret
1192 2891 1304 2942 uth1s3
1323 2896 1339 2931 Β

166 2972 252 3021 oomni
267 2971 392 3026 instabat,⁸
412 2985 429 3018 n
448 2972 474 3018 in
490 2970 607 3019 oratione
620 2971 771 3033 persisteret
787 2967 791 3034 Ι
811 2974 894 3018 autern
906 2969 934 3031 (n
947 2969 1032 3031 cero).·
1051 2982 1086 3016 sn
1100 2984 1142 3016 οιιι
1159 2968 1163 3033 Ι
1185 2969 1296 3017 tectrirw
1309 2967 1339 3030 (o

166 3056 263 3116 testerso)
276 3072 352 3119 opere
366 3055 396 3117 (ι)
409 3057 492 3118 operi)
505 3072 531 3103 se
544 3055 571 3117 (n
584 3057 694 3104 teatrine
705 3072 732 3103 se
745 3057 770 3103 in
783 3055 868 3119 opere)
881 3059 1018 3119 occuparet
1030 3053 1059 3115 (A
1072 3058 1227 3117 occupasset,
1240 3067 1256 3101 Β
1268 3069 1339 3102 oceu-

162 3142 244 3206 patra:
261 3140 393 3205 ntanifico
412 3144 436 3188 et
454 3140 516 3189 aliis
533 3141 650 3205 operibns
657 3141 824 3204 permanebat
837 3139 841 3202 Ι
856 3153 892 3188 nn
905 3156 948 3189 om
960 3141 1024 3188 tora
1039 3135 1042 3201 Ι
1057 3141 1160 3188 iterum.-
1177 3152 1213 3186 aa
1230 3139 1283 3188 add
1303 3141 1339 3187 in·

164 3228 244 3276 sistebat
255 3227 374 3276 orationi.
389 3224 392 3290 Ι
408 3227 566 3289 usquedum:
584 3238 619 3276 cn
630 3224 724 3290 domei
740 3227 849 3275 domini:
867 3239 885 3274 A
897 3225 939 3273 dei
958 3223 962 3290 Ι
983 3239 999 3273 s
1019 3224 1161 3288 accipiebat
1174 3221 1178 3290 Ι
1192 3229 1217 3273 et
1230 3224 1339 3273 metius·

162 3312 286 3376 proficiebat
298 3319 328 3360 ut
341 3326 373 3370 Ἐς
391 3324 427 3360 cn
440 3316 468 3359 ut
479 3312 569 3360 metius
581 3338 589 3348 ·
602 3313 629 3360 in
641 3313 682 3360 dei
695 3327 779 3360 arnore
788 3311 941 3377 proficeret.-
960 3324 977 3359 ιι
990 3311 1066 3358 etita
1078 3310 1158 3358 maius
1175 3315 1201 3358 et
1212 3310 1301 3359 arelius
1313 3310 1340 3357 in

166 3413 221 3462 opere
231 3399 267 3446 dei
274 3398 440 3464 proficiebat5
460 3412 476 3445 n
489 3401 604 3446 ettotam
617 3398 682 3460 qnod
695 3397 721 3444 in
734 3396 826 3460 tempto
844 3397 867 3444 ei
878 3396 991 3444 dabatur
998 3395 1157 3459 pauperibus
1168 3396 1340 3454 ministrabat,

166 3484 220 3531 etsic
230 3485 303 3531 acius
315 3491 359 3532 etc
372 3489 402 3531 ut
415 3497 432 3531 n
447 3482 451 3547 Ι
465 3483 581 3546 Denique
594 3508 603 3519 ·
616 3483 779 3539 inueniretur,
793 3481 860 3543 in(1>
871 3499 915 3530 nec
925 3482 962 3544 in)
976 3506 984 3517 ·
996 3481 1116 3529 humilior
1128 3487 1159 3530 ut
1169 3493 1218 3541 ους
1232 3494 1247 3529 n
1260 3482 1338 3530 Deni-

167 3585 200 3631 que
210 3585 254 3617 curn
265 3570 371 3617 maiores
383 3569 494 3630 cirpines
505 3584 566 3616 suas
578 3568 657 3616 iudei
670 3568 787 3616 laudibus
796 3568 923 3633 projicere
935 3568 1098 3630 conspiceret,
1115 3566 1169 3615 reto
1181 3568 1257 3615 ssirnio
1269 3567 1337 3616 boni·

167 3655 213 3702 tatis
221 3655 345 3717 sctapebat
364 3659 391 3702 ut
407 3655 433 3700 in
450 3654 545 3716 cipitiis
558 3655 713 3702 inveniretur
721 3654 811 3717 prior,
830 3655 857 3701 in
874 3670 929 3716 sap.
943 3656 1000 3712 etc;
1020 3666 1037 3700 A
1050 3653 1150 3700 Deinde
1163 3668 1216 3700 curn
1228 3653 1342 3702 scabres

167 3739 252 3801 rirpiues
262 3757 277 3787 a
288 3741 329 3788 dei
342 3740 460 3787 tanstibas
472 3745 601 3796 vacarent,
620 3741 677 3803 ipsa
690 3739 754 3786 nituit
766 3739 883 3795 vacabat,
902 3739 941 3785 ita
959 3743 986 3787 ut
999 3739 1025 3786 in
1038 3737 1155 3786 madibus
1167 3741 1193 3785 et
1205 3738 1230 3786 iss
1243 3739 1340 3801 vigitiis

167 3823 197 3871 tei
207 3825 266 3873 nella
273 3827 348 3889 prior
360 3842 391 3872 ea
404 3826 571 3883 inueniretur,
588 3825 662 3873 natta
674 3825 701 3873 in
712 3841 767 3888 sap.
782 3829 833 3873 etc.
859 3822 923 3872 Cum
936 3837 954 3872 Δ
966 3824 1035 3872 facit
1047 3836 1079 3880 n,
1096 3823 1144 3872 aad
1158 3838 1200 3871 om
1214 3823 1240 3871 irs
1251 3823 1339 3872 bennit.

167 3909 267 3958 inmitior.
286 3926 289 3976 Ι
309 3912 335 3958 in
347 3911 500 3958 carminibus
516 3936 525 3946 ·
542 3911 569 3959 irs
581 3912 701 3960 castitate
720 3910 747 3971 (n
766 3911 792 3958 irs
800 3908 928 3973 puritate)
947 3935 955 3945 ·
970 3909 1114 3973 perfectior
1130 3919 1161 3956 ut
1174 3921 1243 3968 cna5
1260 3923 1277 3956 n
1295 3924 1338 3958 orn

169 3994 287 4054 Daridicis,
306 3997 371 4045 item
388 3995 414 4042 in
427 3997 537 4044 caritate
550 4011 599 4059 usq
608 3996 709 4059 purior.
733 4009 751 4044 n
763 4001 788 4044 et
805 3996 832 4043 in
844 3996 954 4044 caritate
963 3995 1104 4058 ptoriosior
1115 3998 1141 4042 et
1157 3994 1182 4042 in
1195 3995 1302 4042 canticis
1313 3999 1339 4043 et

168 4081 444 4144 mnsinibnsetepantior
456 4082 519 4129 etin
531 4083 597 4129 omni
609 4082 657 4128 air.
667 4083 736 4146 perf.
757 4078 761 4145 Ι
780 4095 797 4129 a
810 4082 882 4129 Erat
893 4081 991 4144 quidem
1010 4078 1014 4145 Ι
1035 4085 1166 4129 constans.-
1184 4093 1203 4128 ι)
1216 4083 1289 4128 casta
1302 4077 1306 4144 Ι
1322 4092 1339 4128 ιι

168 4165 308 4215 alienabitis
320 4167 417 4215 omisso
431 4167 555 4214 immutab.
572 4167 575 4231 Ι
590 4171 665 4230 atque
677 4166 728 4228 (ita
738 4179 789 4225 0123
803 4178 857 4214 nnn
867 4166 902 4228 et)
915 4166 1009 4215 cotidie
1021 4165 1071 4227 (ita
1082 4178 1170 4225 nnna3
1184 4177 1199 4214 c
1213 4166 1336 4229 parotidi)

168 4246 172 4312 Ι
184 4249 210 4297 cd
224 4251 319 4301 meliora
331 4253 424 4316 profic.
438 4250 464 4313 (c
473 4251 697 4318 proficiscebatur)
711 4257 742 4302 ut
755 4265 806 4312 cn,
825 4263 861 4300 aa
879 4252 905 4300 in
916 4251 1023 4300 meliora
1035 4249 1063 4313 (n
1076 4251 1108 4300 ds
1121 4250 1182 4299 bono
1199 4252 1225 4299 in
1237 4250 1337 4313 metius)

166 4336 276 4399 projiciens
281 4357 289 4393 ς
303 4351 317 4385 r
331 4337 419 4385 mellor
431 4343 505 4400 atque
519 4338 607 4386 laetior
618 4338 760 4386 transiebat
