2962 4912
138 260 199 323 136
378 260 546 311 HISTORIA
566 258 721 309 1osu1’111.
750 258 826 308 CAP.
844 258 953 309 xxvn.
972 257 1097 308 XXVIII.

137 415 320 498 sexaginta
341 419 377 478 et
395 418 543 477 centum.
579 409 627 474 Et
644 410 853 494 quicumque
876 409 1059 475 historiam
1074 408 1165 473 vitae
1181 411 1264 471 tuae
1282 404 1339 470 de-

137 519 328 602 scripserit,
346 516 476 582 laberis
494 515 546 579 tui
563 521 598 579 et
613 514 831 609 migrationis
843 513 885 579 de
896 512 1112 595 hocmundo,
1129 531 1341 577 sermonem·

138 645 204 708 que
228 622 342 707 (hunc)
366 642 424 686 ere
448 641 523 685 meo
541 620 731 703 prolatum,
752 618 851 684 illurn
873 624 953 684 tuae
975 618 1106 683 tutelae
1125 617 1341 681 committam

137 728 218 793 durn
243 728 279 791 in
304 726 369 792 hac
394 725 464 789 vita
487 723 693 788 versabitur.
739 722 954 788 Discedente
980 728 1097 787 autem
1122 722 1164 788 de
1192 742 1341 805 corpore

137 832 252 897 anima
269 830 356 911 eius,
374 835 409 895 et
424 829 485 893 ubi
502 828 558 893 hie
575 829 643 911 ipsi
661 828 810 893 mundus
823 828 1037 894 deserendus
1055 835 1118 912 est,
1135 829 1265 895 librum
1283 826 1343 891 de·

137 935 300 999 lictorum
317 933 392 997 eius
413 932 627 1014 comburam,
649 952 714 996 nec
736 931 809 997 ullo
826 954 904 998 eum
920 932 1091 1016 torquebo
1109 933 1286 1017 supplicio
1303 933 1343 997 in

138 1039 193 1103 die
210 1037 352 1117 iudicii;
375 1036 436 1102 sed
453 1037 607 1101 traiieiet
622 1057 715 1101 marc
732 1037 888 1119 igneum,
910 1043 1015 1120 atque
1033 1038 1107 1102 sine
1124 1037 1290 1104 molestia
1306 1042 1345 1100 et

138 1141 258 1207 delore
279 1140 369 1204 illud
391 1140 630 1224 pertransibit.
667 1139 746 1204 Hoc
763 1144 839 1224 (est)
858 1140 950 1224 quod
972 1141 1143 1206 incumbit
1162 1140 1258 1207 omni
1281 1138 1344 1205 ho·

137 1245 222 1309 mini
242 1265 367 1328 egeno,
391 1244 451 1327 qui
468 1248 646 1325 praestare
664 1244 788 1325 nequit
805 1244 992 1327 quicquam
1016 1266 1057 1309 ex
1074 1245 1124 1311 eis
1141 1265 1231 1329 quae
1250 1263 1345 1308 com·

137 1349 337 1413 memoravi:
358 1349 521 1412 nimirum
538 1347 568 1411 si
579 1347 737 1411 nascitur
755 1348 823 1429 ipsi
841 1347 944 1429 filius,
962 1348 1100 1413 vocabit
1116 1368 1244 1414 nomon
1263 1347 1344 1411 eius

137 1452 338 1535 Iosephum.
375 1450 433 1518 Sic
455 1452 570 1517 locum
591 1472 661 1516 non
684 1450 830 1515 habebit
850 1451 885 1515 in
908 1451 971 1516 illa
992 1451 1092 1518 domo
1113 1454 1167 1517 vel
1188 1449 1346 1536 penuria

136 1557 191 1622 vel
208 1557 393 1641 repentina
409 1556 528 1638 aliqua
543 1576 635 1620 mors
651 1555 688 1619 iu
706 1556 965 1638 sempiternum.

586 1794 706 1861 Onrur
728 1794 889 1862 XXVII.

226 1951 474 2017 Convenerunt
484 1950 651 2034 deinceps
669 1952 854 2034 optimates
871 1951 968 2016 urbis
984 1952 1021 2016 in
1038 1952 1153 2018 locum
1169 1951 1232 2017 ubi
1248 1952 1344 2034 posi-

137 2064 210 2123 tum
234 2061 309 2120 erat
326 2076 451 2137 corpus
468 2055 562 2119 senis
582 2054 760 2119 benedicti
780 2054 938 2139 Iosephi,
961 2061 996 2120 et
1016 2054 1202 2120 afferentes
1220 2076 1343 2120 secum

138 2160 289 2226 amicula
308 2159 433 2223 feralia
448 2158 634 2223 voluerunt
653 2157 743 2222 illud
759 2159 834 2243 (eis)
856 2159 1029 2224 involvere
1048 2159 1241 2224 secundum
1261 2180 1343 2224 con·

138 2262 361 2329 suetudinem
378 2283 447 2345 qua
467 2282 673 2344 componere
691 2262 807 2327 solent
823 2261 1013 2346 (cadavera)
1030 2261 1164 2327 Iudaei.
1194 2259 1266 2327 Sed
1283 2262 1343 2328 de·

137 2367 401 2450 prehenderunt
423 2388 500 2431 eum
519 2366 701 2431 sindonem
724 2388 822 2431 suam
839 2366 951 2451 (quasi
968 2365 1183 2451 adstrictam)
1200 2371 1339 2432 tenere:

137 2475 187 2537 ita
204 2473 296 2535 enim
311 2470 374 2535 illa
385 2472 523 2554 corpori
541 2471 615 2534 eius
633 2469 803 2551 adhaesit,
821 2476 860 2534 ut
877 2470 1101 2554 cupientibus
1119 2492 1194 2536 eam
1212 2491 1339 2536 exuere

137 2575 279 2640 inventa
304 2576 350 2639 sit
374 2576 486 2639 instar
510 2574 594 2638 ferri
620 2573 808 2637 immobilis
839 2579 874 2638 et
898 2574 1167 2639 indissolubilis.
1213 2573 1339 2658 Neque

137 2679 228 2744 ullas
248 2681 283 2743 in
296 2677 443 2743 sindone
463 2677 526 2742 illa
542 2679 695 2760 reperire
707 2683 900 2759 potuerunt
916 2679 1164 2759 extremitates,
1182 2699 1339 2762 quaeres

34 2812 43 2833 ο
137 2783 319 2847 maximam
336 2781 423 2863 ipsis
441 2780 708 2845 admirationem
724 2781 855 2844 iniecit.
880 2779 1036 2845 Tandem
1048 2781 1251 2846 extulerunt
1262 2803 1341 2847 eum

137 2885 181 2950 ad
202 2884 317 2949 locum
342 2885 405 2948 ubi
425 2884 493 2948 sita
516 2888 591 2948 erat
612 2883 794 2965 spelunca,
822 2888 857 2947 et
881 2890 1095 2966 aperuerunt
1119 2885 1277 2966 ianuam,
1302 2889 1342 2950 ut

139 2987 333 3053 conderent
348 3009 474 3070 cerpus
492 2987 567 3051 eius
584 2987 678 3051 inter
694 3007 840 3069 corpora
855 2994 993 3069 patrum
1010 2988 1096 3052 eius.
1135 2986 1235 3052 'Iunc
1255 2987 1341 3054 mihi

138 3093 175 3156 in
191 3097 342 3157 mentem
359 3082 613 3155 veniebat'dies
632 3111 701 3172 qua
716 3110 850 3154 mecum
869 3090 1059 3156 ambulavit
1075 3091 1111 3154 in
1127 3087 1340 3174 Aegyptum,

138 3215 340 3278 summaque
357 3193 421 3258 illa
435 3193 597 3258 molestia
614 3215 716 3276 quam
733 3214 809 3257 mea
826 3214 950 3258 caussa
966 3195 1145 3259 sustinuit.
1182 3193 1340 3260 Proinde

138 3300 311 3383 (mortem)
336 3297 411 3362 eius
434 3295 543 3361 multo
565 3302 720 3378 tempere
743 3294 880 3376 deflevi,
906 3302 942 3362 et
961 3297 1137 3362 reclinans
1159 3319 1213 3362 me
1234 3318 1343 3382 super

139 3424 265 3486 corpus
282 3403 357 3468 eius
375 3401 460 3466 dixi:

575 3624 696 3689 cmm
719 3622 900 3689 XXVIII.

225 3778 276 3860 „0
297 3800 388 3844 mors
406 3800 495 3862 quae
518 3799 653 3844 omncm
674 3779 858 3845 scientiam
880 3779 999 3845 reddis
1021 3780 1202 3846 evanidam
1225 3803 1266 3846 ae
1287 3787 1341 3847 tot

136 3883 298 3949 lacrimas
321 3884 453 3948 excitas
475 3888 510 3947 et
531 3882 699 3965 eiulatus,
723 3890 816 3949 certe
834 3883 920 3948 deus
937 3891 1039 3966 pater
1056 3905 1154 3949 meus
1177 3885 1339 3968 illeyipse

137 3992 215 4074 (est)
233 3989 293 4071 qui
314 3987 403 4052 hanc
420 3986 485 4051 tibi
502 3992 711 4070 potestatem
730 3989 913 4053 concessit.
950 3985 1004 4053 Ob
1022 3989 1339 4072 transgressionem

138 4093 230 4157 enim
245 4088 374 4155 Adami
392 4097 427 4155 et
443 4091 602 4175 coniugis
619 4091 695 4155 eius
705 4090 798 4156 Evae
815 4092 995 4157 intereunt
1011 4091 1205 4177 (homines),
1223 4114 1338 4177 neque

136 4197 251 4281 parcit
271 4217 362 4261 mors
378 4195 433 4259 vel
449 4197 521 4260 uui.
551 4195 694 4260 Nemini
711 4201 826 4260 temen
849 4195 979 4260 accidit
999 4202 1061 4261 aut
1076 4196 1228 4262 infertur
1244 4196 1340 4280 quio·

138 4320 241 4383 quam
258 4301 333 4365 sine
352 4298 516 4364 mandato
537 4300 646 4381 patris
663 4301 741 4364 mei.
769 4299 901 4383 Utique
920 4301 1085 4366 exstitere
1102 4301 1262 4367 homines
1279 4302 1338 4385 qui

136 4403 494 4489 eitamproduxerunt
509 4403 553 4470 ad
564 4412 760 4488 nongentos
777 4425 888 4487 usque
900 4425 1021 4487 annoS,
1038 4404 1233 4471 scddenati
1244 4410 1336 4471 sunt
