2962 4912
140 285 203 350 204
292 285 524 337 aversanum
542 285 736 337 OEFANTIAE
754 285 948 337 ARABICUM.
982 285 1081 338 xblu.
1099 285 1192 346 mv,

145 435 239 521 quod
256 435 350 503 filius
367 436 521 518 ipsorum
538 435 575 500 in
591 457 701 520 agone
721 437 843 504 mortis
859 444 1065 516 versaretur,
1087 436 1350 520 responderunt

143 542 243 626 pueri
270 541 442 607 dicentes:
477 539 609 605 Annon
635 540 784 607 audistis
810 540 903 625 quod
928 561 988 607 rex
1014 540 1116 606 dixit:
1153 539 1285 607 Eamus
1311 545 1348 605 et

143 643 343 712 occidamus
366 641 587 726 serpentem?
609 650 645 710 et
663 665 722 711 vos
742 665 873 712 morem
896 646 927 710 ei
950 667 1021 710 non
1043 642 1195 728 geretis?
1224 643 1275 710 Et
1295 644 1347 711 sic

143 749 229 831 ipsis
242 745 444 814 nolentibus
455 746 617 814 lecticam
633 753 726 813 retro
738 747 969 813 abduxerunt.
995 747 1151 831 Cumque
1168 746 1348 815 adnidum

142 851 242 918 illum
262 851 519 934 pervenissent,
541 851 630 917 dixit
650 852 811 920 dominus
831 851 933 917 Iesus
954 852 1085 935 pueris:
1116 850 1270 917 Hiccine
1293 856 1352 916 est

142 955 241 1022 locus
261 951 458 1038 serpentis?
487 951 607 1038 Atque
630 955 702 1022 illis
723 958 977 1038 annuentibus,
998 976 1142 1039 serpens
1164 976 1186 1020 a
1202 953 1346 1021 domino

141 1065 283 1125 vocatus
300 1058 374 1122 sine
392 1079 488 1124 mora
503 1059 646 1142 prodiit,
663 1081 739 1126 sese
757 1061 825 1143 ipsi
842 1060 1063 1125 submittens.
1088 1057 1154 1126 Cui
1170 1058 1245 1139 ille,
1262 1054 1349 1138 Abi,

141 1164 273 1246 inquit,
296 1168 331 1227 et
347 1183 448 1229 omne
467 1183 638 1227 venenum
655 1163 749 1246 quod
768 1164 850 1228 huic
867 1185 975 1247 puero
998 1163 1186 1227 insinuasti
1203 1180 1349 1244 exsuge.

142 1267 267 1350 Itaque
291 1287 435 1349 serpens
456 1267 523 1331 iste
546 1266 589 1331 ad
606 1287 753 1350 puerum
776 1266 933 1350 adrepsit
953 1272 989 1332 et
1010 1288 1110 1332 omne
1128 1288 1229 1331 suum
1246 1286 1350 1330 uene·

143 1392 225 1434 num
243 1371 395 1452 exsuxit3
412 1375 496 1434 tunc
511 1369 694 1435 maledixit
709 1371 763 1434 illi
774 1370 934 1437 dominus
945 1370 1062 1436 Iesus:
1080 1391 1147 1453 quo
1166 1369 1262 1434 lacto
1280 1374 1350 1432 sta·

143 1474 206 1538 tim
231 1472 394 1558 diruptus
420 1480 488 1555 est3
512 1495 602 1558 puer
624 1481 741 1540 autem
761 1496 865 1540 manu
889 1474 1021 1539 domini
1041 1473 1124 1539 Iesu
1144 1472 1350 1557 permulsus

143 1577 328 1643 convaluit.
358 1577 407 1643 Et
423 1600 500 1644 cum
516 1578 599 1644 flere
615 1579 802 1661 inciperet,
823 1577 907 1644 Noli
923 1578 1022 1658 flore,
1046 1578 1164 1661 inquit
1180 1576 1348 1641 dominns

143 1680 260 1763 Iesus,
281 1703 360 1747 mox
377 1684 468 1748 enim
485 1703 583 1747 meus
600 1682 669 1746 eris
687 1682 892 1764 discipulus.
923 1682 971 1746 Et
990 1682 1046 1746 hic
1068 1688 1122 1746 est
1138 1679 1262 1746 Simon
1284 1676 1352 1743 Ca·

144 1785 293 1866 nanites,
312 1785 411 1849 cuius
427 1785 464 1848 in
481 1785 661 1868 evangelio
678 1784 717 1849 fit
735 1786 877 1850 mentio.

602 2022 722 2090 Canos
745 2023 885 2089 XLIII.

228 2194 312 2260 Alio
324 2195 380 2260 die
391 2193 564 2279 Iosephus
581 2196 691 2261 filium
709 2218 809 2260 suum
819 2195 986 2261 Iacobum
1002 2194 1173 2278 lignatum
1190 2194 1348 2273 miserat,

144 2304 179 2362 et
200 2299 360 2365 comitem
382 2319 418 2363 se
444 2297 496 2362 illi
523 2298 684 2364 dominus
708 2298 811 2364 Iesus
834 2298 1051 2363 adiunxerat.
1089 2295 1248 2380 Cumque
1271 2315 1349 2377 per·

142 2402 320 2468 venissent
341 2402 384 2466 ad
401 2402 516 2467 locum
536 2401 573 2466 in
590 2423 658 2485 quo
677 2402 773 2486 ligna
789 2407 904 2483 erant,
928 2402 1173 2483 coepissetque
1190 2397 1346 2463 Iacobus

142 2504 205 2570 illa
230 2504 412 2589 colligere,
438 2524 518 2569 ecce
538 2505 659 2587 vipera
683 2504 836 2587 maligna
860 2503 957 2568 illius
982 2524 1120 2568 manum
1145 2498 1348 2580 momordit,

143 2608 193 2673 ita
213 2612 253 2672 ut
271 2608 456 2673 vociferari
479 2612 513 2672 et
534 2607 617 2672 llere
639 2607 823 2689 inciperet.
859 2605 951 2670 Eum
971 2606 1080 2692 igitur
1101 2606 1138 2669 in
1159 2605 1225 2670 hoo
1248 2608 1347 2669 statu

143 2731 290 2776 cernens
311 2710 471 2777 dominus
493 2709 594 2776 Iesus
616 2712 767 2777 accessit
787 2710 831 2776 ad
854 2711 983 2793 ipsum,
1008 2710 1193 2792 locumque
1214 2708 1252 2771 in
1276 2724 1348 2789 quo

141 2813 261 2896 vipera
286 2834 363 2879 eum
388 2813 621 2879 momorderat
650 2814 789 2879 afflavit:
822 2835 890 2896 quo
920 2813 1013 2879 lacto
1046 2811 1218 2895 externplo
1246 2831 1351 2876 sana-

144 2921 202 2980 tus
220 2922 282 2981 est.

603 3086 726 3154 Carnu
748 3087 881 3155 XLIV.

227 3256 387 3341 Quodam
404 3257 477 3339 die,
501 3276 577 3320 cum
595 3257 757 3324 dominus
772 3258 874 3324 Iesus
894 3260 1020 3324 iterum
1036 3263 1236 3323 versaretur
1252 3257 1351 3323 inter

139 3381 266 3444 pueros
290 3360 407 3444 quiin
430 3365 523 3426 tecto
546 3360 732 3443 ludebant,
758 3360 898 3445 quidam
921 3381 1109 3444 puerorum
1130 3362 1266 3427 exalto
1290 3360 1350 3426 de·

141 3463 261 3528 cidens
279 3463 464 3529 confestim
487 3463 664 3547 expiravit.
700 3462 980 3548 Diffugientibus
996 3483 1076 3527 uero
1095 3465 1246 3530 caeteris
1263 3485 1351 3548 pue·

139 3568 187 3632 ris
208 3567 369 3632 dominns
386 3565 488 3631 lesus
505 3566 600 3631 solus
622 3567 658 3631 in
677 3571 771 3632 tecto
789 3567 966 3632 remansit.
1006 3563 1163 3650 Cumque
1185 3566 1349 3634 advenis·

140 3675 219 3735 sent
233 3669 423 3755 propinqui
442 3667 539 3734 illius
554 3669 667 3753 pueri,
691 3669 856 3735 dixerunt
874 3668 1015 3735 domino
1032 3668 1130 3734 iesu:
1161 3667 1215 3735 Tu
1234 3670 1348 3737 filium

138 3780 296 3841 nostrum
318 3792 359 3837 ex
375 3777 468 3837 tecto
485 3771 714 3857 praecipitem
732 3771 871 3837 dedisti.
907 3771 977 3837 Illo
1000 3778 1115 3837 autem
1137 3771 1174 3837 id
1192 3780 1347 3857 negante

137 3875 319 3943 vociferati
336 3880 418 3941 sunt
434 3874 608 3941 dicentes:
639 3874 754 3941 Filius
772 3882 892 3940 noster
907 3881 1065 3941 mortuus
1084 3880 1146 3958 est,
1165 3875 1276 3941 ethic
1294 3883 1350 3942 est

139 3981 199 4064 qui
220 4001 297 4047 eum
318 3977 508 4044 interfecit.
557 3976 693 4062 Quibus
715 3977 876 4044 dominus
897 3976 1018 4060 Iesus,
1043 3975 1097 4042 Ne
1118 3999 1190 4062 me,
1216 3981 1349 4063 inquit,

138 4082 320 4161 inlamate3
346 4079 472 4165 quodsi
497 4081 582 4146 mihi
608 4103 677 4146 non
704 4080 866 4162 creditis,
892 4082 985 4165 agite
1010 4102 1171 4165 rogemus
1196 4103 1349 4166 puerum

205 4255 298 4306 XLIV.
317 4256 356 4306 Ne
367 4272 419 4313 nu,
436 4255 533 4321 iuquit,
550 4257 674 4321 insanam
686 4281 696 4293 ·
710 4281 718 4294 ·
732 4258 801 4321 agite
813 4272 942 4320 rogemus.-
960 4257 1000 4306 ita
1013 4256 1054 4307 1³1.
1067 4272 1115 4322 pro
1130 4256 1198 4307 Sikii
1211 4258 1348 4324 interpre-

136 4343 242 4396 tatione
255 4340 318 4390 hec:
343 4341 382 4391 Ne
394 4356 440 4400 me,
459 4341 550 4405 inquit,
563 4342 810 4407 arguitescciaoria,
824 4343 895 4391 cuiue
906 4343 1052 4406 neutiquam
1065 4358 1104 4391 me
1116 4345 1266 4393 conciscere
1274 4349 1350 4406 pote-

136 4430 211 4486 ritir5
226 4427 270 4476 red
282 4426 352 4491 opita
363 4441 479 4490 rogemur
