2962 4912
137 338 197 385 m
601 323 875 378 eaouncouaun.

302 500 368 569 IX
397 500 442 567 X.
487 500 644 569 GESTA
666 502 834 569 PILATI
856 523 991 570 eunucu
1014 503 1049 570 A
1070 524 1114 570 nr
1138 502 1176 569 B.

196 630 261 698 XI.
306 630 577 699 DnsonNSUs
600 630 796 700 CHRISTI
817 632 885 698 AD
908 632 1116 701 INFEROS
1139 650 1288 700 onmes.

422 759 508 826 XII.
554 759 712 829 GESTA
732 760 898 827 PILATI
919 783 1057 828 turma.

187 888 293 955 XIII.
330 888 429 955 XIV.
473 888 747 958 DESCENSUS
771 889 966 957 CHRISTI
988 890 1058 956 AD
1080 886 1294 958 INFEROS

582 1022 709 1069 turma
731 1001 766 1066 A
788 1023 832 1067 nr
855 1001 895 1067 B.

227 1137 293 1204 Sex
314 1137 418 1203 libelli
440 1160 462 1203 a
483 1139 579 1204 nobis
603 1139 684 1204 editi
707 1144 793 1219 sunt,
817 1144 886 1204 tres
910 1160 1035 1223 graece,
1059 1145 1128 1205 tres
1150 1139 1265 1221 latine,
1288 1139 1346 1222 qui

141 1253 240 1315 antea
263 1250 432 1315 coniuncti
460 1270 561 1314 unum
584 1249 764 1315 effecerunt
787 1251 993 1334 evangelium
1015 1249 1201 1316 Nicodemi.
1247 1249 1347 1335 Quod

140 1381 207 1443 quo
234 1360 306 1425 iure
329 1381 349 1426 a
371 1361 467 1426 nobis
496 1361 620 1426 factum
649 1363 706 1443 sit,
737 1366 815 1426 ante
845 1363 955 1427 omnia
983 1362 1157 1428 dicendum
1186 1367 1246 1428 est.
1290 1360 1347 1427 Iri·

140 1472 236 1537 brum
258 1471 535 1554 quemadmodum
556 1478 634 1555 post
656 1473 798 1538 aliorum
821 1473 933 1538 studia
960 1473 1038 1538 clar.
1061 1472 1159 1538 Thilo
1181 1493 1290 1556 nuper
1313 1478 1347 1538 et

140 1604 259 1667 graece
280 1588 313 1648 et
327 1584 430 1649 latine
446 1584 559 1665 edidit,
582 1584 709 1649 duabus
724 1591 877 1649 constare
893 1584 1054 1667 partibus,
1077 1605 1218 1667 quarum
1232 1584 1346 1668 priore

141 1716 235 1778 capp.
249 1695 412 1763 I—XVL
431 1696 471 1762 de
487 1695 622 1763 Christo
645 1702 800 1762 accusato
824 1702 858 1761 et
880 1696 1037 1761 damnato
1061 1696 1150 1761 cruci
1172 1695 1275 1761 affixo
1298 1716 1347 1761 se·

142 1809 235 1891 pulto
251 1807 397 1873 redivivo
419 1809 605 1890 exponitur,
627 1809 812 1891 posteriore
828 1829 849 1872 a
865 1809 973 1890 capite
990 1806 1109 1873 XVII.
1124 1827 1230 1889 usque
1246 1805 1347 1872 finem

142 1920 321 1985 traduntur
350 1919 493 1984 filiorum
519 1920 693 2002 Symeonis
723 1941 741 1984 e
769 1919 909 1984 mortuis
940 1919 976 1985 in
1003 1919 1105 1984 vitam
1137 1938 1347 1985 reversorum

142 2032 334 2098 testimonia
356 2031 396 2097 de
419 2029 546 2097 Christi
569 2031 727 2096 descensu
756 2030 798 2095 ad
820 2030 960 2112 inferos,
988 2030 1111 2095 dudum
1135 2030 1348 2097 observatum

144 2148 204 2208 est.
248 2142 321 2208 Has
345 2163 423 2208 vero
454 2163 521 2208 non
553 2142 595 2207 ab
624 2142 738 2207 eodem
769 2147 906 2208 auctore
936 2141 1104 2224 profectas
1135 2162 1208 2207 esse
1239 2161 1347 2224 neque

142 2255 248 2338 magis
276 2254 460 2320 destinatas
488 2259 527 2318 ut
552 2255 588 2318 in
614 2275 716 2318 unum
744 2253 1038 2336 coniungerentur,
1068 2253 1120 2319 his
1151 2253 1220 2320 fere
1252 2274 1350 2337 argu·

143 2367 263 2432 mentis
285 2366 455 2449 probatur.

232 2480 264 2558 1)
296 2477 413 2543 Testes
441 2477 571 2560 antiqui
599 2477 710 2559 graeci
737 2475 872 2559 plurimi
899 2477 1046 2560 priorem
1068 2483 1197 2559 partem
1220 2474 1349 2557 absque

144 2589 252 2655 altera
269 2589 432 2655 exhibent.
470 2587 523 2654 De
540 2588 712 2653 duodecim
735 2589 822 2654 enim
845 2589 1013 2655 codicibus
1037 2588 1164 2671 graecis
1186 2593 1229 2654 ad
1252 2586 1351 2654 eden·

145 2701 223 2766 dum
244 2701 365 2767 librum
387 2700 451 2765 huc
473 2721 577 2783 usque
600 2699 758 2765 adhibitis
774 2700 838 2765 duo
862 2706 992 2765 tantum
1011 2699 1062 2765 vel
1084 2705 1153 2765 tres
1161 2701 1184 2783 ¹)
1207 2699 1351 2765 alteram

145 2816 275 2895 partem
296 2813 402 2895 priori
424 2812 585 2877 adnexam
607 2812 740 2877 habent.
780 2811 894 2894 Atque
918 2812 1046 2877 accedit
1067 2810 1110 2875 ad
1132 2830 1251 2877 norem
1272 2809 1352 2875 illos

146 2929 249 2990 testes
271 2943 407 3007 graecos
430 2944 529 3006 grave
552 2924 781 2989 testimonium
804 2924 894 3006 copti
916 2923 1118 3005 interpretis,
1139 2921 1229 3005 apud
1249 2942 1352 3004 quem

146 3035 254 3102 altera
275 3056 353 3119 pars
375 3056 442 3100 non
464 3035 639 3099 invenitur.
683 3033 815 3100 Latinis
838 3035 985 3116 quidem,
1014 3034 1133 3117 quibus
1162 3034 1264 3099 etiam
1292 3054 1353 3099 no·

147 3169 222 3213 men
251 3147 413 3230 evangelii
434 3146 610 3212 Nicodemi
633 3146 785 3228 debetur,
813 3152 852 3210 ut
878 3152 956 3229 post
983 3146 1180 3227 videbimus,
1207 3144 1352 3211 formam

147 3260 224 3326 libri
246 3260 373 3325 duabus
400 3259 550 3342 partibus
580 3258 763 3324 coniunctis
793 3257 943 3323 effectum
966 3259 1073 3341 magis
1094 3257 1260 3340 placuisse
1282 3262 1353 3321 sta·

147 3370 306 3435 tuendum
329 3377 396 3436 est:
426 3364 523 3435 latini
546 3371 633 3436 enim
657 3370 786 3436 codices
808 3370 915 3434 nostri
939 3390 1052 3435 omnes
1074 3375 1251 3451 utramque
1272 3389 1353 3452 par·

147 3487 215 3547 tem
246 3482 455 3548 coniunctam
486 3481 618 3547 habent.
662 3482 847 3565 Gregorius
878 3502 957 3547 vero
985 3479 1189 3546 Turonensis
1221 3479 1352 3546 duobus

148 3594 229 3658 locis
257 3593 298 3659 de
321 3591 434 3660 Gestis
458 3614 543 3676 quae
574 3594 644 3676 ipse
674 3593 755 3658 dicit
782 3593 886 3658 Pilati
918 3592 1084 3658 disserens
1114 3591 1221 3657 altera
1252 3598 1352 3675 parte

147 3726 215 3770 non
235 3706 342 3770 utitur
353 3706 385 3790 1).

236 3894 258 3959 ¹)
278 3898 396 3948 Tertium
415 3898 528 3948 dicimus
547 3898 707 3948 Vaticanum
727 3897 841 3953 Birohii,
867 3898 895 3946 in
912 3897 1033 3948 Dorceu.
1053 3895 1149 3944 Christi
1162 3909 1256 3959 praece
1278 3892 1352 3959 apud

150 3999 199 4033 not
217 3984 288 4049 siglo
306 3985 327 4032 B
347 3988 477 4042 notatum,
500 3987 559 4033 totu
577 3984 666 4048 priore
685 3987 762 4048 purte
781 3987 809 4031 et
828 3982 907 4031 initio
927 3983 1061 4032 secundas
1078 3981 1210 4031 mutilum.

234 4068 258 4134 ²)
276 4071 375 4120 Nescio
393 4086 427 4120 un
448 4070 652 4134 antiquissimus
676 4067 760 4118 codex
779 4066 998 4117 vindobonensis
1020 4068 1212 4132 palimprertur
1238 4066 1352 4115 omittat

150 4158 262 4206 alteram
284 4159 401 4220 partem:
427 4160 499 4205 certe
523 4155 592 4204 enim
618 4155 647 4203 in
665 4153 698 4202 iis
717 4168 785 4217 qnae
804 4153 859 4217 legi
876 4153 1038 4217 fragmentis
1057 4156 1120 4201 aunt
1139 4165 1206 4214 quse
1225 4149 1260 4200 ud
1279 4149 1352 4214 copi·

150 4243 187 4292 tis
205 4242 277 4292 XVI.
301 4243 435 4292 sectiones
459 4242 570 4305 primum
595 4246 623 4289 et
646 4239 789 4290 secuudum
813 4238 967 4303 pertineut;
992 4239 1040 4289 sed
1059 4237 1128 4288 nihil
1148 4237 1181 4288 de
1200 4237 1352 4302 posteriore

150 4331 227 4392 purte
244 4327 344 4377 inveni.
375 4326 451 4385 Quod
468 4341 546 4390 quam
565 4340 645 4391 prave
663 4326 708 4382 rit,
726 4325 774 4373 ubi
792 4323 918 4388 repetitis
937 4323 1034 4373 studiis
1054 4321 1239 4373 confirmatum
1257 4321 1351 4378 fuerit,

149 4415 231 4466 focile
248 4413 423 4478 intelligitur.
