2962 4912
580 341 852 396 rsounsounss.
1256 363 1318 409 m

143 497 203 566 naci
228 495 336 559 locum
363 492 403 558 de
432 493 511 558 Iesu
538 493 581 559 ad
609 494 801 562 discendum
832 497 961 563 litteras
993 498 1152 580 magistro
1183 498 1317 580 tradito,

144 611 200 676 cdv.
212 607 333 672 haeres.
347 604 377 687 I,
395 608 455 687 20„
478 612 512 671 et
532 605 624 672 locos
647 628 703 673 eos
725 608 846 690 quibus
868 610 982 675 eadem
1004 608 1117 674 fabula
1139 609 1174 672 in
1196 609 1317 674 nostris

146 719 289 787 codicibus
318 724 487 799 narratur,
519 723 613 783 tanta
640 724 691 783 est
718 724 755 783 ut
782 741 842 786 nos
867 727 958 787 vetet
983 720 1116 786 Irenaei
1147 720 1270 784 librum
1298 742 1318 786 a

144 839 235 901 nostro
256 828 421 896 divorsum
443 836 572 912 putare.

211 941 258 1007 De
279 940 450 1006 laboribus
465 962 567 1024 quum
588 943 730 1008 aliorum
753 949 824 1008 tum
847 945 929 1009 meis
950 944 985 1008 in
1004 944 1129 1011 edendo
1146 944 1317 1026 evangelio

144 1056 268 1122 Thomas
289 1053 409 1134 positis
431 1052 570 1118 dicenda
592 1060 670 1119 sunt
692 1054 783 1119 haec.

212 1165 355 1231 Primum
378 1164 564 1247 evulgatum
587 1171 638 1230 est
661 1186 763 1248 opera
785 1165 986 1232 Cotelerii
1010 1166 1232 1249 fragmentum
1254 1165 1318 1232 Pa-

144 1281 266 1356 risicnse‚
288 1277 356 1341 iam
378 1283 476 1342 antea
497 1298 518 1341 a
540 1277 635 1341 Rich.
652 1276 788 1343 Simone
808 1279 991 1342 indicatum
1014 1280 1115 1342 Nouo.
1136 1281 1248 1343 obem.
1264 1301 1318 1342 cur

145 1394 244 1455 aare
260 1391 301 1451 dcc
315 1389 360 1451 N.
383 1390 419 1451 T.
442 1409 473 1470 p.
489 1390 527 1470 5.,
550 1394 584 1453 et
606 1411 627 1454 a
643 1388 770 1473 Oangio
792 1389 963 1454 laudatum
986 1390 1021 1453 in
1037 1389 1211 1456 Glossario
1234 1388 1318 1455 med.

143 1512 174 1569 et
190 1500 236 1566 ini.
255 1500 446 1583 graecitatis
475 1501 536 1565 sub
559 1521 640 1565 voce
667 1500 783 1585 τςόχα.
827 1500 944 1566 Edidit
966 1500 1151 1566 Ootelerius
1172 1502 1208 1565 in
1230 1501 1318 1566 notis

145 1615 182 1680 ad
194 1612 318 1680 Oenstit.
333 1611 474 1694 apostol
488 1611 551 1693 VI,
570 1615 617 1677 17.
661 1612 698 1677 Is
718 1613 820 1678 codex
835 1612 1010 1677 Parisinus
1026 1613 1150 1678 saeculi
1165 1619 1215 1677 est
1230 1610 1318 1692 XV„

146 1729 177 1791 in
190 1722 326 1789 biblioth.
340 1721 424 1804 Reg.
439 1744 526 1787 nuuc
541 1723 620 1788 Nat.
636 1745 773 1789 numero
790 1725 861 1788 239.
877 1710 1036 1805 signatus.
1079 1722 1318 1805 Fragmentum

146 1845 188 1903 est
203 1835 291 1899 trium
313 1835 510 1917 paginarum
532 1835 575 1900 ad
599 1836 722 1900 calcem
746 1835 972 1900 commentarii
994 1833 1151 1898 Andreae
1170 1833 1318 1915 Cappad.

145 1951 176 2013 iu
192 1945 390 2030 apocalypsin
412 1947 633 2028 complectens
657 1947 767 2029 capita
789 1944 877 2029 apud
899 1967 961 2012 nos
978 1945 1173 2029 primasca,
1195 1944 1318 2010 additis

147 2059 236 2143 paucis
261 2078 346 2138 quae
374 2056 416 2122 ad
445 2058 621 2140 septimum
648 2062 750 2140 caput
777 2058 943 2141 quadrant
971 2061 1005 2122 et
1031 2062 1129 2140 parte
1155 2056 1318 2121 historiae

147 2169 262 2253 quaein
287 2167 424 2250 reliquis
453 2169 545 2234 codd
567 2170 691 2234 nostris
712 2191 779 2235 non
801 2169 939 2251 legitur,
971 2168 1012 2234 ci.
1033 2167 1122 2233 iufra
1150 2189 1224 2250 pag.
1249 2170 1318 2231 141.

147 2282 212 2347 Post
229 2279 426 2346 Ootelerium
455 2301 529 2344 cum
556 2285 651 2344 textu
678 2281 765 2345 edito
794 2279 934 2345 contulit
955 2279 1070 2345 Thilo:
1102 2300 1168 2361 qua
1194 2300 1229 2342 re
1252 2277 1318 2343 edi-

147 2393 211 2457 toris
229 2390 304 2455 fides
327 2392 521 2457 confirmata
546 2398 605 2456 est.
649 2391 801 2475 Repetiit
822 2397 934 2456 autem
956 2397 1083 2456 textum
1107 2413 1127 2455 a
1150 2391 1317 2457 Oetelerio

150 2504 260 2583 editum,
286 2524 352 2568 non
375 2504 445 2568 sine
468 2504 575 2569 doctis
597 2504 638 2568 de
660 2504 735 2586 ipso
757 2503 843 2568 libro
867 2503 1153 2568 observationibus
1175 2501 1317 2568 Fabri·

149 2615 214 2678 cius
236 2614 266 2677 in
289 2613 410 2680 Codice
439 2615 645 2698 apocrypho,
673 2616 818 2697 repetita
840 2615 940 2680 etiam
962 2615 1066 2680 latina
1088 2612 1247 2678 (lotelerii
1269 2615 1318 2678 in·

149 2727 372 2807 terpretntiom,
403 2728 482 2792 item
504 2725 694 2791 Ionesius
716 2727 751 2790 in
772 2725 870 2792 Nova
890 2725 1046 2791 methodo
1070 2746 1130 2790 sua
1151 2724 1317 2808 probandi

148 2837 311 2901 canonicam
332 2835 420 2902 Novi
443 2836 648 2903 Testamenti
671 2838 904 2903 auctoritatem
928 2836 1016 2918 (ride
1039 2844 1165 2920 supra),
1188 2836 1318 2918 anglica

147 2949 268 3012 versione
289 2949 325 3012 in
347 2949 456 3014 locum
478 2948 603 3014 latinae
626 2948 816 3015 substituta

211 3058 287 3123 Post
313 3061 465 3124 inventus
491 3065 542 3125 est
563 3061 648 3124 alius
671 3060 774 3126 codex
796 3060 832 3125 in
854 3059 1058 3124 bibliotheca
1081 3061 1115 3128 S.
1135 3038 1317 3126 Salvatoris

145 3166 338 3252 Bononiensi,
369 3175 480 3235 aetate
507 3171 641 3252 quidem
662 3170 844 3236 Parisiensi
870 3192 936 3236 non
962 3179 1139 3253 praestans
1168 3169 1226 3234 sed
1252 3192 1318 3235 am-
1344 3246 1350 3259 .

144 3277 200 3343 bitu
213 3288 328 3362 textus3
351 3282 512 3347 miracula
533 3283 619 3346 enim
641 3283 737 3366 pueri
759 3304 864 3364 usqne
886 3282 929 3347 ad
951 3303 1073 3347 annum
1089 3281 1318 3346 duodecimum

144 3391 360 3475 complectitur.
404 3393 506 3457 Hunc
532 3399 660 3459 textum
691 3395 818 3476 primus
849 3378 952 3458 edidit
980 3392 1052 3459 Ioh.
1077 3392 1191 3476 Aloys.
1215 3392 1318 3457 Min·

142 3503 312 3581 garellius
346 3505 381 3568 in
412 3505 527 3568 Nuova
557 3507 706 3570 Raecolta
740 3507 905 3590 d'opccscolc'
933 3508 1088 3589 scierctcflci
1116 3529 1132 3567 e
1154 3504 1317 3589 ιήῖοῖοριέἰ,

141 3613 312 3695 tom.XII.‚
335 3615 488 3682 Venetiis
506 3620 597 3682 1764.
624 3638 699 3700 pag.
716 3619 883 3682 ‘cs-155.
913 3616 1005 3699 (12⁰.)
1050 3615 1087 3679 Is
1113 3615 1149 3679 iu
1176 3611 1318 3698 epistola

139 3720 172 3785 ud
191 3722 297 3790 Thom.
321 3726 500 3811 Augustin.
523 3727 744 3808 Ricchinium‚
771 3727 866 3793 Sacri
889 3728 1013 3794 Palatii
1034 3725 1228 3810 Apostolici
1250 3746 1318 3791 ma·

140 3831 270 3919 purum,
299 3837 342 3902 ad
369 3837 530 3904 edendum
559 3860 593 3903 se
617 3845 804 3922 permotum
826 3839 908 3903 dicit
930 3838 1072 3903 lectione
1096 3837 1207 3919 operis
1229 3836 1316 3920 Aug.

138 3941 202 4010 Ant.
225 3947 383 4032 Georgii,
420 3950 510 4033 quod
541 3951 738 4033 inscriptum
762 3956 821 4015 est
850 3949 1078 4033 Alphabetum
1109 3947 1317 4014 Tibetanum.

139 4053 259 4140 „ssludf‘
281 4061 344 4141 ait,
367 4062 530 4143 „animum
552 4082 621 4129 non
642 4061 854 4126 mediocriter
876 4059 1019 4144 perculit
1040 4080 1149 4124 meum
1171 4059 1261 4141 quod
1281 4058 1316 4121 in

138 4164 223 4253 Xaca,
245 4171 462 4236 celeberrimo
485 4171 542 4237 illo
566 4173 698 4237 numine
722 4193 780 4236 seu
801 4177 950 4237 monstro
975 4172 1087 4254 potius
1109 4169 1196 4252 qued
1218 4168 1316 4234 Tibe·

138 4281 191 4343 tcni
216 4283 343 4364 colunt,
375 4281 643 4347 scelestissimum
670 4282 840 4348 Manetem
868 4283 972 4347 latere
1000 4279 1205 4363 compererit.
1249 4277 1317 4343 No·

137 4409 227 4456 reram
250 4394 338 4459 enim
359 4392 506 4459 Manetis
529 4392 729 4476 discipulum
744 4393 906 4459 Thomam
928 4393 962 4458 iu
977 4391 1108 4457 Indiam
1129 4390 1316 4473 profectum
