2962 4912
404 291 606 344 DESCENSUS
625 291 768 344 CHRISTI
786 295 832 344 ΔΙ)
851 294 1012 375 irrasos,
1032 293 1064 343 V.
1084 293 1130 342 VI.
1299 292 1361 356 427

570 573 689 639 Oanos
712 573 773 641 VI.
810 572 957 658 (XXII.)

253 736 411 803 ¹Deinde
442 737 526 803 alius
558 737 605 803 ibi
636 737 769 803 adstans
792 738 887 822 quasi
911 737 1053 822 quodam
1082 737 1292 822 imperatoris
1321 740 1363 804 si-

165 843 306 927 gnaculo
338 843 584 926 praeeminens,
615 841 725 908 David
756 843 906 925 nomine,
940 844 988 908 ita
1018 843 1225 926 proclamans
1256 844 1365 910 aiebat

164 948 239 1031 Ego
271 947 306 1012 in
337 947 436 1012 terris
468 970 541 1012 cum
573 967 692 1028 essem,
724 946 763 1011 de
792 946 844 1012 dei
872 948 1103 1014 misericordia
1129 955 1163 1013 et
1190 949 1261 1014 eius
1288 949 1364 1014 visi·

165 1052 292 1117 tatione
319 1050 442 1135 populo
471 1050 672 1132 revelabam,
701 1051 936 1134 prophetizans
958 1052 1070 1118 futura
1091 1052 1224 1137 gaudia,
1252 1053 1364 1119 dicens

164 1179 225 1241 per
249 1156 360 1222 omnia
383 1157 510 1221 secula:
540 1155 768 1222 Confiteantur
791 1156 925 1222 domino
949 1157 1196 1223 misericordiae
1220 1158 1304 1240 eius,
1332 1164 1365 1223 et

165 1256 332 1324 mirabilia
358 1257 429 1323 eius
457 1257 534 1322 filiis
560 1257 746 1340 hominum,
773 1258 852 1341 quia
879 1258 1036 1324 contrivit
1061 1264 1174 1341 portas
1197 1280 1310 1324 aereas
1332 1265 1366 1325 et

165 1367 274 1427 vectes
297 1361 424 1426 ferreos
447 1359 620 1443 confregit.
657 1358 752 1424 Tunc
775 1360 880 1424 sancti
904 1360 1109 1443 patriarchae
1132 1367 1166 1426 et
1183 1361 1364 1445 prophetae

166 1469 348 1549 coeperunt
375 1464 461 1530 inter
487 1486 522 1529 se
546 1464 686 1528 invicem
709 1485 947 1547 recognoscere
970 1469 1004 1529 et
1027 1463 1066 1529 de
1090 1464 1273 1548 prophetiis
1296 1464 1365 1529 suis

166 1569 287 1653 singuli
312 1567 441 1653 singula
463 1568 581 1633 dicere.
625 1566 720 1632 Tunc
743 1574 876 1633 sanctus
892 1568 1051 1633 Ieremias
1075 1590 1151 1634 suas
1173 1569 1365 1653 prophetias

166 1674 358 1739 examinans
380 1672 497 1738 laiebat
525 1672 722 1756 patriarchis
750 1678 784 1737 et
811 1673 983 1755 prophetis
1006 1673 1085 1757 quia
1107 1695 1181 1738 cum
1204 1696 1309 1740 essem
1331 1674 1365 1737 in

166 1775 266 1841 terris
289 1773 483 1858 prophetavi
508 1773 547 1838 do
570 1773 623 1839 dei
646 1773 729 1856 filio,
759 1772 849 1857 quod
872 1773 1028 1840 interris
1051 1775 1140 1840 visus
1163 1781 1269 1840 estet
1291 1797 1364 1840 cum

166 1879 357 1946 hominibus
381 1884 595 1944 conversatus
618 1883 676 1943 est.

255 1994 377 2062 ²Tunc
408 2015 522 2062 omnes
553 1995 660 2060 sancti
691 1995 875 2061 exultantes
903 1994 938 2060 in
966 1993 1090 2061 lumina
1118 1995 1243 2062 domini
1272 2001 1305 2060 et
1331 1997 1366 2060 in

166 2109 303 2187 aspectu
326 2101 431 2185 patris
453 2100 549 2166 Adae
577 2106 610 2165 et
637 2100 671 2164 in
694 2101 910 2184 responsione
935 2101 1080 2166 omnium
1103 2102 1366 2185 patriarcharum

167 2214 200 2275 et
222 2207 459 2292 prophetarum
481 2205 768 2288 proclamaverunt
790 2205 951 2271 dicentes:
985 2205 1145 2287 Alleluia,
1173 2204 1367 2271 benedictus

167 2313 224 2398 qui
256 2311 347 2377 venit
377 2311 411 2375 in
439 2311 574 2376 nornine
595 2309 739 2376 domini:
771 2311 819 2376 ita
847 2317 884 2375 ut
910 2311 1150 2376 exclamatione
1177 2333 1291 2377 eorum
1315 2334 1368 2376 ex·

167 2418 358 2501 pavesceret
388 2411 530 2479 Satanas
568 2418 602 2478 et
636 2418 812 2496 quaereret
848 2412 973 2478 aditum
1009 2412 1165 2497 fugiendi.
1216 2414 1263 2478 Et
1299 2434 1366 2478 non

165 2525 311 2606 poterat,
340 2519 419 2603 quia
447 2518 596 2584 infernus
625 2523 659 2583 et
687 2517 847 2583 satellites
879 2518 950 2583 eius
981 2518 1138 2584 tenebant
1166 2541 1239 2583 eum
1263 2518 1297 2582 in
1320 2518 1367 2582 in·

165 2625 295 2690 sernum
328 2621 544 2688 constrictum
576 2626 609 2685 et
639 2621 803 2686 munitum
835 2643 895 2705 per
922 2621 1047 2702 omnia;
1079 2620 1297 2705 dicebantque
1324 2620 1366 2686 ad

166 2750 258 2794 eum:
290 2726 381 2813 Quid
413 2725 583 2809 trepidas?
628 2722 702 2790 Nos
732 2724 921 2789 nullatenus
949 2729 981 2788 te
1008 2724 1087 2789 hinc
1114 2723 1204 2788 exire
1232 2723 1366 2806 permit-

167 2834 277 2898 timus.
327 2829 393 2897 sed
422 2832 487 2896 ista
515 2829 660 2913 suscipe,
691 2829 778 2894 sicut
802 2828 921 2912 dignus
950 2850 998 2911 es,
1029 2829 1070 2894 ab
1099 2827 1157 2894 illo
1187 2850 1283 2912 quem
1312 2851 1366 2895 ex·

255 3095 301 3152 VI,
322 3096 345 3143 1.
383 3093 424 3144 Cf.
443 3095 463 3143 A
484 3094 515 3152 V,
530 3094 556 3143 2.
588 3093 688 3142 Deinde
706 3109 763 3143 cum
783 3106 800 3144 Β
820 3126 849 3142 ..
868 3107 903 3144 nc
921 3091 1088 3157 Deniqueln
1102 3094 1242 3155 procedens
1260 3093 1367 3155 inopero-

163 3171 236 3229 ‘toris
254 3179 385 3243 ripoaralo
401 3181 405 3238 Ι
421 3180 452 3227 de
469 3179 512 3244 liei
528 3178 583 3228 mis.
598 3183 623 3227 et
640 3179 694 3228 eiua
712 3179 758 3227 vir.
777 3178 806 3240 (Β
825 3195 867 3227 om
885 3182 910 3227 et
927 3178 1030 3240 ri.ois.)
1046 3177 1142 3243 populo
1161 3212 1168 3226 .
1184 3213 1191 3226 .
1210 3189 1225 3227 c
1243 3177 1308 3227 haec
1324 3194 1366 3228 orn

169 3264 173 3330 Ι
194 3281 209 3316 c
226 3267 385 3328 prophetans
408 3267 413 3324 l
437 3277 514 3314 Rom
530 3266 629 3329 sutura
644 3265 758 3329 paedia,
782 3266 846 3314 item
866 3265 1018 3327 peremnia
1036 3281 1083 3313 rec.
1108 3267 1113 3320 l
1137 3264 1276 3327 consrepit:
1294 3265 1367 3313 solus

169 3349 255 3402 codd
281 3353 460 3412 Interrogatus
482 3353 566 3398 autem
584 3366 601 3397 o
624 3350 721 3398 randis
740 3349 860 3411 patritiis
878 3351 933 3412 pois
955 3353 1033 3406 erret,
1057 3349 1188 3410 respondit
1205 3348 1292 3396 David
1314 3364 1367 3397 rum

169 3438 276 3487 somine.
299 3439 304 3496 Ι
326 3439 461 3499 coeperest
478 3462 488 3472 ·
506 3437 537 3485 cle
557 3437 701 3499 prophetiis
717 3438 771 3485 esis
794 3435 822 3497 (Δ
843 3437 891 3486 -tio
908 3435 966 3497 svo)
989 3439 1053 3499 sing.
1073 3435 1175 3497 ringula
1198 3433 1226 3495 (A
1245 3434 1299 3497 om)
1316 3437 1366 3484 die.

171 3524 240 3574 rosc
263 3539 302 3573 aa.
323 3526 375 3572 Ier.
399 3538 458 3571 eum
483 3535 518 3573 ΔΒ
542 3559 549 3572 .
569 3558 576 3572 .
601 3537 732 3587 ccoeper.
754 3523 825 3571 intra
846 3540 873 3571 re
895 3523 927 3571 de
949 3523 1095 3585 prophetiis
1116 3523 1169 3572 suis
1189 3522 1286 3586 cippati
1308 3539 1367 3584 per·

122 3632 136 3661 s
169 3627 330 3676 cognoscere,
354 3611 423 3659 ister
441 3627 503 3674 quor
520 3610 574 3660 Ier.
596 3606 601 3675 Ι
619 3610 767 3660 semeipsos
785 3614 828 3660 etc
847 3626 906 3660 cum
924 3622 959 3661 nc
978 3645 1008 3659 ..
1028 3622 1045 3660 Β
1062 3609 1189 3675 rescrebat
1205 3610 1326 3671 patribus
1343 3613 1368 3657 et

164 3695 300 3760 prophetis
316 3695 403 3744 dicens
420 3695 478 3757 Ego

256 3802 281 3848 2.
318 3797 359 3848 Cf.
379 3800 400 3847 A
421 3798 480 3847 VII.
510 3798 603 3847 lumine
623 3834 630 3847 .
648 3833 655 3848 .
675 3812 693 3849 B
710 3798 828 3856 somine!
845 3813 859 3849 r
878 3805 1019 3862 conspectu,
1037 3799 1101 3848 item
1119 3796 1246 3860 responsis
1262 3793 1307 3860 lio
1324 3814 1367 3847 no·

169 3884 235 3933 mirso
251 3882 348 3932 domini
369 3899 427 3932 cum
446 3895 481 3934 ΑΒ
501 3918 531 3932 ..
551 3897 566 3934 c
584 3882 637 3932 add
660 3885 721 3933 deur
738 3884 853 3933 dominor
874 3887 900 3932 et
923 3883 1012 3933 illuxit
1033 3883 1118 3931 robis:
1141 3881 1261 3930 Alleluia
1282 3881 1309 3928 io
1330 3897 1367 3929 so·

169 3969 230 4019 cula
252 3968 346 4017 seculi:
371 3967 429 4016 laur
446 3969 525 4016 Ιιοπον
543 3972 569 4016 et
583 3967 684 4032 glorio,
709 3970 752 4033 qui
770 3968 897 4017 ademisti
914 3984 945 4016 en
963 3968 1017 4018 alio
1035 3956 1081 4016 reor
1096 3968 1213 4016 visitans.
1252 3965 1369 4014 Alleluia

170 4058 304 4106 normales
326 4070 376 4117 per
397 4053 482 4103 omnio
506 4051 510 4115 Ι
534 4053 717 4103 exstimatione
740 4089 747 4102 .
769 4089 775 4101 .
800 4066 815 4103 c
837 4052 997 4101 exclamare
1021 4054 1025 4110 Ι
1049 4053 1086 4100 El
1103 4068 1152 4101 noo
1174 4055 1200 4113 (c
1219 4051 1284 4112 Neo)
1303 4082 1312 4090 -
1330 4050 1368 4098 ir·

161 4144 259 4208 feram
276 4140 304 4202 (a
321 4139 401 4203 servi)
420 4167 429 4176 -
448 4141 475 4189 irs
493 4139 541 4205 iris.
559 4143 722 4189 coorti-istam
740 4139 770 4200 (a
788 4137 842 4201 om)
860 4143 885 4188 et
902 4139 1023 4187 munitum
1042 4137 1068 4200 (c
1086 4136 1215 4200 iniectum)
1235 4169 1244 4177 -
1262 4138 1296 4186 ad
1314 4153 1369 4186 rom

171 4246 230 4279 cum
248 4244 283 4280 ac
302 4263 309 4275 .
330 4261 337 4275 ·
357 4240 373 4278 Β
397 4227 451 4276 Nee
469 4259 478 4268 -
496 4227 614 4277 urebant
635 4243 698 4275 eum.
740 4228 861 4290 lpfernos
887 4226 1055 4275 contristatas
1080 4225 1236 4287 monitorque
1260 4222 1296 4288 [l]
1319 4241 1369 4287 per

170 4317 256 4366 orosio
272 4316 373 4365 ‹iioetot
390 4316 414 4364 ei
437 4322 442 4378 Ι
466 4328 482 4365 c
503 4313 571 4375 Quis
583 4314 732 4378 formidas,
757 4313 854 4370 Sator,
878 4316 903 4361 et
921 4312 1051 4376 trepidos?
1074 4311 1079 4375 Ι
1104 4311 1155 4359 Sed
1173 4314 1223 4359 ista
1242 4315 1284 4361 etc
1308 4327 1367 4361 cum

170 4418 188 4455 a
213 4438 248 4453 ..
273 4415 307 4454 Βο
335 4405 474 4466 corrupt03
505 4414 520 4452 c
543 4399 595 4450 sie:
626 4399 683 4449 Ista
709 4398 820 4464 Μοίρι,
848 4399 871 4448 si
893 4414 970 4448 amsi
996 4414 1035 4456 es,
1064 4398 1124 4462 quia
1147 4397 1270 4461 lucarque
1292 4413 1367 4462 rapo·
