2962 4912
132 330 196 392 430
491 327 620 379 EVANG.
640 326 817 379 aleonum
842 325 928 378 PARS
947 325 984 378 11.

136 502 223 563 mus,
254 480 439 545 resalutans
461 478 570 544 Adam
598 477 785 561 benigniter
812 476 924 543 aiebat
952 476 1014 542 illi:
1045 476 1117 541 Pax
1140 476 1203 541 tibi
1226 475 1328 542 Adam

137 607 210 652 cum
239 585 317 650 filiis
344 586 411 650 tuis
439 605 498 667 per
526 585 688 649 immensa
718 584 904 649 seculorum
936 582 1061 664 secula,
1092 602 1198 648 amen.
1242 579 1330 647 'func

137 694 231 771 pater
262 687 372 751 Adam
404 686 599 769 provolutus
630 684 769 768 pedibus
801 684 942 767 domini,
979 705 1177 769 sursumque
1208 689 1331 749 erectus

138 812 254 857 manus
277 791 347 854 eius
369 790 589 872 deosculatus,
611 791 743 856 fortiter
762 790 916 855 lacrimas
933 790 1083 873 profudit
1098 790 1226 855 dicens:
1248 788 1331 855 Ecce

138 914 254 958 manus
278 911 361 974 quae
384 891 628 973 plasmaverunt
656 913 720 972 me,
748 891 930 957 testificans
953 891 1121 973 omnibus3
1150 897 1184 956 et
1207 889 1333 955 dicebat

138 995 180 1059 ad
203 994 387 1058 dominum:
419 992 597 1058 Advenisti
625 1015 682 1058 rex
704 993 844 1076 gloriae,
871 993 1016 1058 liberans
1038 992 1190 1057 homines
1213 995 1333 1074 tuoque

137 1102 298 1180 perpetuo
331 1117 513 1178 aggregans
541 1118 651 1179 regno,
695 1096 788 1162 Tunc
816 1103 850 1161 et
877 1101 982 1162 mater
1009 1103 1126 1162 nostra
1148 1096 1224 1161 Eva
1251 1095 1334 1159 simi·

138 1198 214 1262 liter
236 1198 362 1262 domini
390 1198 528 1280 pedibus
557 1199 733 1281 provoluta
760 1220 797 1263 ac
827 1220 956 1264 sursum
985 1204 1096 1264 erecta
1123 1219 1242 1263 manus
1268 1198 1334 1262 eius

139 1298 335 1364 deosculans
362 1305 396 1363 ct
417 1298 620 1382 profundens
642 1299 775 1365 fortiter
796 1300 952 1364 lacrimas
974 1298 1073 1365 dixit:
1103 1299 1194 1366 Ecce
1223 1320 1335 1365 manus

139 1423 223 1486 quae
246 1423 297 1467 mc
319 1402 572 1485 fabricaverunt,
594 1403 775 1468 testificans
799 1402 959 1469 omnibus.
1093 1480 1096 1488 Ι

226 1507 356 1573 ²'lunc
399 1530 512 1573 omnes
554 1509 660 1574 sancti
700 1510 875 1575 adorantes
916 1531 989 1575 eum
1028 1509 1255 1575 clamaverunt
1291 1507 1336 1572 di·

140 1616 267 1677 centes:
292 1611 493 1676 Benedictus
516 1613 573 1696 qui
596 1612 685 1677 venit
708 1613 743 1677 in
765 1614 899 1679 nomine
922 1613 1057 1696 domini,
1080 1613 1162 1678 deus
1185 1611 1336 1678 dounnus

140 1718 251 1783 illuxit
281 1717 388 1782 nobis.
432 1716 542 1782 Arnen
570 1738 629 1801 per
658 1720 769 1783 omnia
796 1720 914 1785 secula
958 1719 1108 1784 Alleluia
1135 1719 1171 1784 in
1194 1718 1336 1783 seculum

126 1819 260 1884 ¹seculi:
291 1819 363 1883 laus
394 1819 503 1884 honor
530 1819 635 1884 virtus
663 1820 784 1903 gloria,
814 1821 895 1904 quia
924 1819 1085 1886 advenisti
1113 1842 1153 1886 ex
1182 1820 1253 1887 alto
1280 1840 1337 1884 nos

140 1922 286 1986 visitans.
338 1920 488 1985 Alleluia
524 1925 694 1986 cantantes
725 1943 784 2005 per
816 1923 927 1987 omnia
958 1928 991 1987 et
1022 1923 1272 2006 congaudentes
1302 1921 1337 1986 de

142 2024 250 2107 gloria
276 2024 519 2089 concurrebant
545 2024 606 2089 sub
629 2024 780 2089 manibus
803 2024 939 2090 domini.
983 2025 1078 2090 Tunc
1101 2026 1250 2091 salvator
1272 2045 1337 2108 per·

143 2135 293 2195 scrutans
317 2129 356 2194 de
380 2130 534 2195 omnibus
556 2128 770 2195 momordidit
790 2130 970 2214 infernum,
993 2131 1194 2214 quantocius
1215 2135 1336 2214 partem

143 2234 262 2300 deiecit
283 2235 317 2298 in
340 2239 510 2316 tartarum,
532 2239 659 2317 partem
683 2255 792 2299 secum
816 2234 949 2303 reduxit
970 2234 1012 2300 ad
1034 2256 1184 2320 superos.

547 2475 666 2541 Garun
689 2475 734 2542 X.
773 2475 934 2563 (XXVI.)

228 2612 322 2679 Tunc
351 2634 464 2678 omnes
492 2615 597 2678 sancti
621 2614 673 2679 dei
702 2621 902 2697 rogaverunt
924 2614 1092 2679 dominum
1120 2618 1159 2678 ut
1184 2613 1338 2680 victoriae

144 2719 273 2801 signum
297 2722 431 2781 sanctae
459 2719 567 2781 crucis
595 2718 799 2800 relinqueret
826 2717 913 2801 apud
941 2718 1079 2801 inferos,
1109 2739 1151 2783 ne
1179 2717 1337 2800 praevale

144 2827 218 2886 rent
245 2820 388 2885 ministri
412 2820 482 2884 eius
506 2821 699 2902 nequissimi
722 2822 865 2905 aliquem
888 2821 1031 2887 retinere
1054 2821 1225 2904 culpatum
1249 2842 1337 2904 quem

144 2925 326 2990 absolverit
359 2924 520 2988 dominus.
570 2924 616 2988 Et
649 2923 771 2989 factum
803 2930 854 2990 est
884 2925 946 3007 ita,
982 2925 1161 3008 posuitque
1192 2924 1338 2989 dominus

145 3048 274 3092 crucem
303 3048 395 3091 suam
423 3027 458 3090 in
486 3026 595 3090 medio
622 3026 758 3109 inferni,
790 3048 876 3110 quae
904 3033 955 3092 est
977 3027 1107 3110 signum
1131 3026 1291 3091 victoriae
1310 3031 1338 3090 et

145 3151 249 3213 usque
272 3130 306 3193 in
330 3135 498 3195 aeternum
519 3115 737 3212 permanebit.

150 3299 247 3307 ----
269 3297 361 3308 -—-—-—·-

146 3393 232 3443 cedd
257 3390 381 3454 Christus)
408 3391 474 3442 calc.
494 3407 559 3443 omn.
585 3392 615 3455 (Β
632 3397 720 3442 noster
741 3397 766 3441 ct
788 3393 904 3442 dominun
925 3390 1046 3454 omnim)
1071 3391 1131 3457 pice
1152 3392 1182 3455 (c
1199 3407 1303 3456 anagnu
1316 3396 1338 3441 cl

148 3480 276 3537 acceleres,
297 3479 368 3542 pina)
387 3483 412 3527 et
429 3482 484 3529 mil.
510 3475 516 3544 Ι
538 3481 649 3528 hominen
671 3480 700 3541 (a
717 3478 795 3542 nem)
815 3514 845 3529 ..
866 3493 881 3530 c
899 3494 944 3528 nor
967 3479 971 3537 Ι
989 3478 1123 3543 fabricae.
1148 3494 1208 3527 cum
1227 3491 1260 3529 nc
1279 3490 1338 3528 ..Β

143 3563 269 3627 plasmari.

232 3653 256 3700 2.
294 3647 418 3700 canl.
438 3651 458 3699 1.
493 3649 649 3698 Benedictus
667 3680 676 3690 ·
694 3649 809 3699 danaim
829 3650 860 3713 (a
878 3649 999 3700 benedict.
1016 3649 1080 3698 donn.
1099 3648 1135 3712 ct)
1153 3648 1244 3697 illuxit
1261 3679 1270 3688 -
1287 3663 1338 3696 cun·

147 3734 437 3798 concapellanus)
457 3768 465 3776 -
484 3736 668 3799 congaudentes
690 3735 719 3798 (Β
738 3735 860 3799 maman)
884 3738 916 3786 de
934 3736 1004 3800 pler.
1028 3736 1057 3800 (Β
1075 3735 1128 3786 cdd
1146 3734 1223 3800 quae)
1245 3751 1339 3784 conm-

146 3824 199 3872 rel.
219 3822 248 3885 (Β
267 3821 406 3886 concurrit)
429 3824 474 3872 aab
496 3840 565 3873 man.
584 3825 681 3874 domim
707 3840 765 3874 cnm
789 3837 824 3876 nn
848 3860 855 3875 .
876 3859 883 3874 .
908 3836 923 3875 c
946 3824 1043 3873 Bcned.
1062 3824 1106 3887 qni
1130 3825 1200 3872 venit
1226 3824 1253 3872 n'n
1278 3837 1339 3872 non.

147 3911 527 3968 dom.‚dcntenlucdcm1cnu
549 3912 649 3960 Olcinio
667 3911 789 3961 altissimi
805 3911 882 3978 fllia,⁸
906 3909 1138 3973 concurrebantque
1154 3925 1239 3958 omnen
1255 3908 1342 3958 anan

147 3997 198 4058 (nic
217 3996 288 4060 fera)
307 3999 351 4047 aad
368 3999 461 4048 nnunn't.
475 4000 540 4048 dom.
557 4000 562 4057 1
578 4011 595 4049 Β
612 3998 677 4047 cclv.
694 4003 781 4049 nomn
795 3999 800 4062 Ι
815 4000 847 4048 dc
864 3999 977 4047 omnibus
994 4033 1023 4047 ..
1043 4010 1059 4048 e
1076 3997 1162 4047 cnnnia
1176 3994 1181 4058 Ι
1196 3996 1341 4047 mma.

147 4083 243 4147 infern.
264 4099 322 4132 curn
342 4095 358 4133 Β
378 4083 545 4135 ..ndcluil
567 4085 684 4148 infernus
703 4121 732 4135 ..
753 4098 768 4135 c
787 4100 829 4135 orn
853 4082 858 4147 Ι
882 4083 1032 4148 quantocius
1053 4098 1111 4132 cnm
1130 4096 1148 4133 n
1167 4117 1175 4132 .
1196 4116 1203 4133 .
1223 4093 1256 4133 Bc
1278 4079 1341 4146 οωΙ

147 4182 164 4220 Β
182 4172 288 4221 dcdwit

233 4256 266 4306 X.
304 4255 344 4305 ef.
363 4253 388 4306 A
407 4255 481 4312 v111‚
501 4256 526 4307 1.
544 4257 569 4306 2.
604 4256 663 4304 cici.
682 4256 746 4319 sign.
764 4271 802 4304 sa.
821 4255 904 4305 crucis
921 4271 980 4305 cum
998 4268 1030 4316 Δ;
1051 4267 1067 4306 c
1085 4255 1150 4318 ripn.
1168 4257 1274 4303 cannae
1290 4269 1342 4303 enn-

148 4341 185 4388 cic
201 4341 325 4389 uictoriae
345 4378 351 4390 .
369 4377 376 4389 .
396 4353 412 4390 Β
431 4341 496 4404 rign.
516 4341 640 4389 victoriae
663 4357 723 4389 crine
746 4340 751 4402 Ι
775 4352 852 4390 Rom
872 4340 1001 4404 culpatum
1024 4340 1030 4402 Ι
1052 4353 1070 4390 Δ
1088 4339 1199 4388 absolvit
1221 4337 1226 4403 Ι
1249 4353 1343 4388 mm

148 4440 218 4473 nunu
237 4461 244 4474 .
261 4460 267 4474 .
288 4437 305 4475 Β
322 4426 387 4489 sign.
402 4426 486 4474 crucic
503 4441 565 4474 nuce
580 4427 584 4485 Ι
600 4438 616 4475 c
633 4426 699 4488 sign.
712 4425 804 4474 uictor.
823 4441 900 4489 nequo
917 4425 944 4474 in
962 4430 1013 4474 act.
1029 4441 1080 4490 pon
1096 4426 1183 4474 omnic
1196 4438 1346 4489 penmanent
