2962 4912
534 356 704 409 vrumcrn
726 356 950 409 sanvnronrs.
1279 359 1339 424 481

146 512 248 580 habet
265 511 392 575 vultum
410 509 533 575 domini
555 510 590 574 in
613 509 709 575 domo
733 531 802 575 sua.
846 511 893 576 Et
915 512 1028 576 statim
1050 512 1148 578 iussit
1169 535 1242 579 eam
1264 521 1342 581 ants

147 616 330 698 potentiam
360 636 452 679 suam
481 613 609 679 adduci.
653 614 700 679 Et
728 613 811 679 dixit
837 613 880 679 ad
908 635 980 679 eam
1007 614 1058 680 Tu
1086 615 1189 682 habes
1216 619 1342 685 vultum

148 719 272 783 domini
294 719 329 783 in
351 718 448 783 domo
470 716 555 782 tua?
591 716 640 780 At
667 718 725 782 illa
753 717 893 801 negavit.
936 716 1032 782 Tunc
1053 718 1253 786 Velosianus
1275 723 1341 786 ius·

148 822 191 886 sit
221 844 291 886 eam
319 821 403 885 mitti
433 821 467 885 in
495 820 684 901 tormentiS,
712 819 815 886 donee
842 822 968 887 vultum
996 822 1119 887 domini
1147 824 1340 890 insinuaret.

146 923 214 989 Illa
240 930 349 990 autern
378 930 495 989 coacta
521 923 606 988 dixit
631 923 704 1007 Ego
731 923 836 989 habeo
862 923 955 989 illum
982 925 1017 988 in
1045 925 1181 991 sindone
1210 927 1340 1010 munda,

148 1029 277 1093 domine
304 1029 364 1111 mi,
396 1034 429 1093 et
456 1026 603 1111 quotidie
630 1027 733 1092 adoro
761 1026 861 1091 illum.
905 1027 1106 1094 Velosianus
1134 1029 1216 1095 dixit
1242 1030 1340 1096 Mon·

148 1140 218 1197 stra
243 1132 323 1197 mihi
350 1131 451 1196 illum.
496 1130 590 1196 Tunc
616 1131 675 1196 illa
702 1129 846 1195 ostendit
867 1132 994 1196 vultum
1016 1131 1147 1199 domini.
1190 1134 1340 1202 Velosia-

147 1258 209 1301 nus
232 1243 269 1300 ut
290 1236 372 1301 vidit
394 1236 503 1316 illum,
530 1235 711 1319 prostravit
733 1256 767 1299 se
793 1235 830 1298 in
856 1241 995 1316 terram;
1024 1244 1057 1302 et
1084 1242 1214 1319 promto
1242 1239 1339 1304 eorde

148 1345 181 1403 et
206 1346 299 1405 recta
326 1339 389 1404 fide
414 1337 633 1421 apprehendit
656 1359 729 1403 eum
753 1343 786 1402 et
808 1337 944 1403 involvit
965 1340 999 1403 in
1022 1340 1159 1405 sindone
1181 1362 1284 1407 aurea
1306 1348 1340 1407 et

147 1443 321 1508 collocavit
343 1464 416 1507 eum
439 1444 473 1506 in
496 1443 630 1523 scrinio,
659 1449 692 1506 et
715 1441 875 1525 sigillavit
895 1444 1016 1508 annulo
1040 1465 1108 1509 suo.
1152 1445 1200 1510 Et
1219 1445 1341 1510 iuravit

146 1568 219 1610 cum
251 1551 455 1611 sacramento
488 1550 521 1610 et
551 1544 636 1609 dixit
661 1544 756 1613 Vivit
782 1544 934 1610 dominus
965 1545 1045 1611 deus
1076 1551 1110 1612 et
1140 1569 1201 1630 pro
1234 1549 1340 1616 salute

147 1652 312 1731 Caesarie,
340 1671 404 1714 non
428 1648 552 1713 videbit
580 1668 653 1713 euin
681 1649 823 1731 amplius
851 1647 947 1713 homo
970 1670 1068 1731 super
1089 1649 1208 1716 faciem
1230 1634 1339 1717 arrae

146 1776 250 1838 usque
281 1775 346 1836 quo
378 1752 507 1817 videam
543 1750 661 1816 faciem
693 1750 816 1816 domini
852 1752 916 1815 mei
946 1749 1080 1816 Tiberii.
1133 1753 1160 1792 ²⁵
1187 1753 1233 1817 Et
1265 1776 1339 1819 oum

145 1859 209 1924 hoc
238 1857 387 1937 dixisset,
419 1856 594 1938 optimates
624 1855 682 1937 qui
713 1859 809 1919 erant
835 1852 977 1921 Iudaeae
1009 1853 1126 1936 optimi
1157 1858 1340 1938 apprehen·

145 1962 265 2026 derunt
295 1960 441 2025 Pilatum
473 1964 511 2022 ut
542 1955 700 2022 ducerent
730 1955 772 2020 ad
807 1963 938 2038 portum
974 1956 1084 2025 maris.
1135 1956 1199 2022 Ille
1230 1966 1339 2024 autem

145 2063 362 2147 apprehendit
392 2062 517 2126 vultum
549 2059 674 2125 domini
707 2080 781 2125 oum
814 2058 965 2123 omnibus
997 2058 1167 2142 discipulis
1203 2063 1270 2127 suis
1306 2069 1340 2127 et

145 2167 296 2231 omnibus
333 2165 506 2248 stipendiis
537 2164 624 2243 suis,
661 2168 695 2227 et
726 2163 837 2228 eadem
869 2161 921 2227 die
959 2162 1179 2229 ascenderunt
1213 2188 1338 2231 navem.

146 2273 174 2310 ²⁰
197 2270 293 2335 'luno
323 2269 491 2337 Veroniea
525 2267 648 2333 femina
680 2266 856 2348 dereliquit
887 2267 997 2331 omnia
1028 2287 1113 2349 quae
1147 2269 1340 2350 possidebat

144 2396 205 2457 pro
238 2394 350 2438 amore
381 2370 505 2438 Christi
537 2376 571 2435 et
602 2375 716 2435 secuta
747 2373 798 2432 est
827 2367 1053 2435 Velosianum.
1105 2370 1152 2435 Et
1183 2370 1267 2438 dixit
1297 2372 1340 2438 ad

145 2499 219 2541 eam
241 2475 443 2543 Velosianus
467 2473 628 2559 Quidvis
656 2478 715 2537 aut
741 2470 821 2554 quid
844 2472 991 2555 quaeriS,
1018 2473 1161 2540 mulier?
1204 2474 1254 2541 At
1280 2476 1340 2540 illa

142 2656 205 2703 milui
216 2656 261 2704 das
275 2659 377 2704 sannas
388 2653 512 2717 reliquias
524 2668 587 2716 quas
604 2651 680 2701 ladas
697 2651 765 2715 apud
783 2655 817 2700 ie.
849 2651 900 2699 Sed
916 2650 1041 2701 Veraniou
1057 2653 1211 2701 uslsnsenler
1227 2653 1252 2700 si
1268 2668 1339 2701 seau-

143 2743 211 2789 naoil
228 2746 253 2790 et
269 2742 336 2790 diau'l
353 2757 380 2789 ns
397 2756 447 2789 non
464 2740 555 2788 noum
572 2754 654 2787 secum
671 2742 774 2786 sannas
790 2737 922 2801 reliquias.
952 2738 1002 2786 Sed
1020 2737 1173 2788 Volusianus
1183 2739 1208 2787 ss'
1223 2754 1274 2787 non
1285 2755 1338 2787 are·

142 2827 218 2882 didit,
237 2827 280 2874 sed
293 2839 442 2889 quamquam
453 2827 591 2886 negauerat
602 2838 657 2871 eam
669 2823 790 2886 compulit
802 2837 856 2870 aum
867 2821 946 2870 mullo
959 2825 1066 2880 terrore,
1085 2825 1123 2872 ita
1135 2829 1162 2873 ul
1176 2823 1340 2887 confiteretur

141 2913 168 2955 et
184 2909 281 2957 diceret
300 2908 440 2964 Odomina
457 2906 581 2956 inalusmn
599 2907 626 2955 iri
644 2910 682 2954 est
699 2907 726 2954 in
744 2904 857 2954 autioulo
870 2904 976 2967 (boiol)
990 2921 1052 2964 meo,
1070 2907 1113 2955 utu·
1125 2907 1236 2970 quoliffl
1250 2922 1340 2968 prsoss

141 2996 212 3052 focio
236 2997 269 3043 ad
287 2995 412 3043 dominum
432 3009 520 3043 meana.
559 2992 712 3042 Volusianus
728 2992 797 3042 dixit
813 2992 858 3041 Da
875 2993 936 3040 milui
952 2993 1077 3042 dominum
1095 3008 1165 3056 quom
1182 2994 1289 3052 doras,
1313 2999 1338 3043 et

141 3098 187 3145 epo
206 3098 301 3146 quoque
318 3081 430 3131 adorudo
448 3097 511 3129 mm.
547 3079 672 3128 Varoniea
688 3080 774 3143 itaque
791 3082 829 3128 su'o
838 3079 909 3144 seuit
925 3095 971 3128 nso
988 3095 1051 3128 ausa
1068 3083 1105 3128 esl
1123 3080 1150 3129 id
1167 3095 1286 3129 recusare
1303 3081 1336 3130 ei.

146 3168 308 3226 Volusianus,
326 3169 438 3231 reliquia
455 3169 479 3215 si
496 3167 589 3224 allatu,
604 3169 750 3230 prostrauit
767 3183 793 3215 ss
809 3167 836 3214 in
855 3170 951 3215 lernam
968 3170 994 3215 ut
1011 3182 1065 3215 am
1079 3182 1140 3215 ussa
1150 3167 1207 3232 fids
1219 3167 1339 3216 adorauit

141 3273 209 3313 eam,
230 3260 256 3303 el
273 3255 427 3304 existimauit
443 3270 497 3325 epus
514 3255 610 3303 nullum
627 3253 722 3302 domini
739 3253 831 3316 ἱρεῖαι,
854 3253 902 3302 elsi
919 3254 1018 3303 minime
1035 3259 1105 3311 urat,
1127 3255 1171 3303 sed
1188 3257 1246 3302 esai
1261 3255 1339 3303 ousiis

141 3358 215 3405 quam
227 3342 351 3390 Salvator
363 3342 415 3403 ipse
429 3343 591 3403 portaverat.
622 3340 661 3388 Iit
679 3355 734 3386 oum
751 3337 902 3387 Volusianus
919 3341 1040 3396 suarem,
1058 3341 1226 3403 apprehendit
1242 3341 1337 3390 nulium

140 3435 166 3478 el
179 3431 283 3493 pulavit
295 3445 347 3477 esse
361 3428 457 3477 Clu-isli
467 3428 571 3484 uultum,
590 3430 615 3475 sl
632 3425 739 3474 inuoluit
757 3426 784 3474 in
801 3426 905 3474 andane
919 3442 1051 3490 purpurea
1064 3443 1126 3491 quus
1143 3432 1169 3476 el
1185 3443 1248 3476 auro
1267 3432 1338 3478 tesia

140 3521 210 3571 eran
229 3518 254 3563 et
272 3513 409 3563 oollomoil
425 3513 554 3561 eisdam
571 3513 598 3560 in
615 3527 683 3559 urna
700 3526 780 3560 aurea
797 3526 898 3574 eamque
915 3511 1042 3592 oppiliones
1056 3511 1151 3561 annulo
1162 3527 1216 3571 suo,
1233 3514 1338 3562 stituit

145 3604 216 3652 Viuit
226 3604 341 3652 dominus
358 3606 434 3666 alque
452 3602 536 3649 anima
552 3615 608 3648 mea
624 3600 696 3656 uiuit,
713 3614 840 3663 nunquam
858 3599 997 3662 adspiciam
1014 3601 1062 3648 msu'
1074 3601 1170 3649 domim
1179 3602 1279 3664 faeiem
1296 3618 1336 3649 us·

141 3708 187 3755 que
204 3692 263 3739 dum
280 3690 378 3738 ueniam
395 3689 430 3737 ud
448 3684 573 3738 liberium
589 3688 717 3737 dominum
733 3703 813 3736 meum
830 3702 931 3752 esusque
940 3688 1051 3752 jecerim
1069 3689 1200 3737 perimens
1215 3689 1246 3737 cla
1263 3689 1337 3738 relus

140 3779 174 3826 iis
190 3775 302 3825 omnibus
319 3791 382 3838 quas
399 3775 440 3823 isia
455 3780 542 3838 posiae
559 3779 626 3822 sunl.

226 3864 351 3912 Extremo
368 3878 446 3925 usqua
464 3877 511 3925 quo
529 3862 627 3910 uidam
646 3866 690 3910 eto
708 3876 740 3910 ex
759 3860 824 3910 Amb
843 3864 921 3922 snnt;
944 3860 1002 3909 Ven
1022 3874 1146 3922 quousque
1167 3860 1260 3908 uiderit
1281 3876 1335 3908 eum

138 3951 262 3999 domiuus.

226 4036 269 4085 25.
294 4033 369 4084 llSnx
388 4033 506 4084 brevitor
525 4033 578 4082 sic:
600 4033 651 4090 El,
669 4033 734 4090 noio,
752 4032 827 4080 iussit
844 4031 959 4080 Pilatum
977 4031 1048 4080 tradi
1064 4029 1186 4092 pessimas
1202 4031 1291 4089 morli,
1311 4034 1336 4079 et

139 4130 191 4173 itum
209 4123 264 4170 ilat
281 4121 315 4169 ad
333 4135 404 4168 wan»
421 4135 517 4169 naum.

225 4209 267 4255 26.
294 4205 368 4254 ASnx
382 4205 471 4267 priora
483 4204 521 4253 sic
535 4204 656 4254 exhibet:
675 4203 714 4251 El
728 4201 881 4251 osnmadilis
891 4200 982 4250 mulier
999 4199 1124 4249 Veronioa
1134 4198 1240 4263 reliquii
1251 4204 1335 4249 onmia

139 4309 204 4358 quos
219 4291 366 4353 possidebat
379 4305 431 4352 pso
448 4289 545 4338 nomine
564 4288 661 4336 Christi
678 4292 703 4335 ei
720 4292 807 4336 secuta
824 4291 861 4335 esl
883 4286 1059 4342 Volusianum,
1080 4288 1105 4332 st
1124 4301 1261 4333 ascensura
1278 4290 1335 4333 sual

137 4394 226 4428 nauem
244 4393 299 4425 eum
317 4393 355 4425 eo.
392 4376 431 4424 El
453 4368 606 4423 Volusianus
622 4374 691 4422 dixit
708 4374 732 4421 si
752 4370 889 4429 omullus,
909 4371 968 4433 quid
987 4370 1105 4433 quaeris?
1131 4367 1186 4417 Illa
1202 4370 1334 4432 respondit

138 4467 162 4514 εἰ
179 4469 205 4511 sl
222 4464 289 4511 aisis
310 4462 411 4524 Quaero
429 4461 555 4509 dominum
570 4474 658 4507 mouns.

190 4564 278 4611 nvsng.
288 4571 365 4611 spons.
375 4561 411 4602 sd
421 4558 576 4600 ursohsndorr.
601 4558 643 4600 nd.
653 4558 681 4598 Π.
1087 4541 1120 4589 ³1
