2962 4912
142 306 183 370 92
335 308 669 360 Peenno-Murrum
690 309 929 359 avuncunlum.
957 309 1032 360 CAP.
1050 308 1146 359 XXIV.

142 480 221 524 vero
244 459 365 542 templi
392 459 612 524 striderunt
633 457 873 524 Affrodosium
899 481 975 524 cum
1002 459 1162 524 universo
1189 461 1349 524 exercitu

143 585 205 627 suo
228 563 270 627 ad
293 562 460 647 templum
482 584 688 646 properare,
709 563 882 646 putabant
906 584 943 627 se
960 563 1149 627 vindictam
1168 562 1287 627 videre
1311 564 1350 627 in

144 687 203 731 eos
225 687 373 750 quorum
391 686 496 730 causa
513 665 561 729 dii
585 671 800 730 corruerant.
832 664 899 730 Ille
922 671 1038 730 autem
1061 667 1241 749 ingressus
1264 673 1350 730 tenr-

142 770 248 853 plum‚
269 776 308 834 ut
323 767 410 832 vidit
429 769 546 833 omnia
561 767 657 834 idola
672 769 708 833 in
726 768 836 833 facies
854 789 934 833 suas
951 773 1128 852 prostrata
1142 769 1270 849 iacere,
1294 790 1351 834 ac·

143 874 249 938 cessit
265 871 308 936 ad
324 871 473 936 Mariam
491 877 526 936 et
541 872 699 937 adoravit
714 873 896 952 infantem,
920 893 1022 955 quem
1038 873 1116 955 ipsa
1131 873 1167 936 in
1185 873 1266 936 sinu
1284 894 1350 937 suo

141 974 315 1058 portabat,
334 981 461 1039 etcum
478 975 661 1040 adorasset
677 997 766 1057 eum,
783 974 958 1040 allocutus
970 981 1025 1040 est
1041 976 1241 1042 uuiversum
1253 996 1352 1041 exer·

143 1080 250 1142 citum
267 1099 368 1142 suum
390 1085 425 1142 et
446 1078 576 1143 amicos
598 1098 680 1143 suos
699 1078 834 1142 dicens:
866 1075 945 1142 Nisi
968 1077 1024 1141 hic
1042 1077 1127 1142 deus
1149 1085 1246 1143 esset
1268 1077 1352 1142 deo·

140 1204 216 1246 rum
242 1187 456 1263 nostrorum,
484 1181 532 1245 dii
559 1181 671 1245 nostri
696 1200 812 1245 coram
838 1202 878 1246 eo
904 1182 940 1245 iu
966 1181 1075 1245 facies
1096 1201 1177 1246 suas
1203 1182 1350 1245 minime

142 1284 364 1365 cecidissent,
384 1305 498 1367 neque
516 1285 552 1349 in
570 1285 645 1349 eius
664 1289 855 1367 conspectu
872 1285 1040 1366 prostrati
1057 1284 1227 1348 iacerent:
1253 1281 1350 1347 unde

142 1408 219 1451 enm
241 1386 419 1451 domiuum
441 1408 541 1451 suum
561 1387 660 1452 taciti
684 1393 935 1469 protestantur.
976 1385 1050 1451 Nos
1075 1407 1157 1471 ergo
1181 1386 1267 1451 deos
1290 1407 1351 1451 no-

142 1495 232 1554 stros
245 1489 504 1573 quodvidemus
522 1489 637 1554 facore
655 1490 724 1554 nisi
742 1490 879 1554 cautius
897 1489 1084 1554 fecerimus
1102 1510 1233 1570 omnen,
1251 1495 1350 1572 pote-

141 1593 248 1657 rimus
269 1591 465 1675 pe1·iculum
489 1591 564 1656 eius
590 1592 846 1675 indignationis
872 1593 1051 1657 incurrere
1078 1599 1114 1658 et
1134 1593 1291 1656 universi
1312 1593 1348 1656 in

141 1696 323 1760 interitum
340 1694 517 1775 devenire,
541 1695 633 1759 sicut
649 1695 798 1778 contigit
813 1695 990 1760 Pharaoni
1013 1696 1087 1779 regi
1102 1695 1348 1780 Egyptiorum,

142 1801 201 1882 qui
224 1799 331 1864 tantis
353 1797 542 1862 virtutibus
566 1819 636 1862 non
661 1798 807 1863 credens
831 1820 907 1862 cum
930 1801 1024 1863 omni
1047 1799 1204 1863 exercitu
1226 1819 1290 1863 suo
1312 1799 1347 1862 in

141 1923 233 1967 mare
261 1902 440 1966 demersus
466 1908 529 1966 est.
569 1899 669 1964 Tunc
695 1902 806 1966 omnis
832 1902 984 1984 populus
1011 1901 1168 1966 eiusdem
1195 1902 1348 1966 civitatis

143 2003 293 2069 credidit
310 2004 449 2069 domino
467 2004 532 2068 deo
550 2026 612 2086 per
628 2004 745 2068 Iesum
764 2001 953 2069 Christum.

137 2232 254 2296 principi
265 2231 374 2279 eiusdem
386 2232 454 2278 rivet.
468 2247 522 2279 imm
531 2235 673 2281 nuntiatam
686 2237 758 2289 esset,
772 2233 839 2282 uenit
850 2233 885 2280 ad
898 2237 930 2281 te.
941 2248 995 2281 ram
1005 2234 1071 2280 orani
1081 2233 1194 2280 exercita
1203 2248 1249 2281 suo
1259 2236 1286 2281 et
1296 2250 1349 2282 ram

141 2317 253 2367 ornnidus
265 2318 353 2365 amicis
371 2322 396 2366 et
408 2318 538 2366 comitibus
550 2320 616 2374 anim·
635 2333 653 2367 1>
669 2319 727 2367 Cam
740 2324 822 2368 autem
839 2320 871 2367 ad
883 2318 968 2381 (dele)
981 2318 1124 2384 Affrodisio
1142 2318 1215 2367 illins
1227 2321 1275 2368 cio.
1289 2322 1349 2370 duci

142 2409 210 2454 nnat.
215 2404 322 2468 fnisset,
335 2419 390 2450 eam
401 2420 443 2450 aa.
456 2419 496 2453 er.
508 2420 552 2453 saa
564 2406 633 2453 venit
645 2406 678 2452 ad
692 2406 809 2468 templum
822 2421 876 2453 carn
888 2405 1000 2453 ominibus
1013 2404 1143 2452 comitibus
1154 2405 1215 2452 suis.
1230 2402 1234 2469 i
1249 2405 1349 2471 Pontis.

142 2505 201 2539 aero
220 2487 351 2553 templi(1>
366 2487 421 2550 om)
439 2491 597 2538 striderunt
610 2489 639 2551 (Δ
654 2490 732 2552 rent)
746 2491 919 2556 Affrodosiam
933 2489 962 2550 (Δ
977 2491 1039 2546 mio,
1059 2490 1265 2552 oAsrodisium,
1285 2491 1352 2539 item

140 2578 189 2625 di·
201 2576 252 2633 ni)
266 2592 320 2623 earn
332 2574 361 2637 (Δ
374 2576 427 2625 edd
439 2577 570 2633 aniverso,
590 2588 605 2626 c
624 2575 701 2636 ornni)
715 2591 752 2623 er.
766 2592 810 2624 sero
824 2575 853 2637 (n
867 2577 936 2624 male
954 2576 1006 2624 add
1021 2574 1191 2632 nantoatis.
1202 2590 1352 2638 properare

141 2662 169 2724 (c
180 2665 360 2723 properantem
372 2662 407 2710 ad
419 2666 467 2719 ta,
485 2673 505 2709 1>
517 2663 653 2710 venantem
665 2666 690 2710 et
698 2665 879 2722 properantem
896 2661 930 2709 ad
943 2659 987 2722 ts.)
996 2661 1087 2722 putat.
1103 2660 1130 2723 (c
1139 2661 1311 2724 putaverant)
1324 2678 1352 2713 ss

142 2748 172 2808 (A
185 2747 238 2796 add
251 2746 360 2806 tantum)
374 2748 441 2797 vind.
454 2748 506 2801 aid.
524 2748 550 2794 in
562 2763 604 2796 eos
617 2746 646 2807 (Α
659 2747 759 2808 initiis)
774 2772 782 2782 ·
796 2751 948 2796 corrnerunt
965 2753 996 2795 ut
1010 2759 1080 2804 scn3
1100 2759 1117 2793 B
1125 2750 1224 2807 putans
1236 2750 1299 2811 qnia
1310 2750 1351 2798 dit

141 2834 187 2882 deo
199 2833 337 2881 vindictam
347 2834 472 2896 facerent
484 2834 518 2880 ad
531 2833 601 2882 anias
614 2833 752 2895 inpressam
765 2835 917 2880 corruerant
922 2851 930 2888 ,-
948 2845 965 2879 n
979 2832 1125 2893 Sperabant
1137 2837 1221 2880 antem
1229 2834 1350 2899 pontific.

143 2920 230 2982 tempii
248 2923 277 2967 at
295 2919 359 2967 nihii
371 2919 468 2966 diceret
485 2919 512 2966 in
529 2919 568 2966 Iris
581 2935 684 2982 quornm
702 2934 780 2966 cauta
799 2921 939 2966 peremerat.
957 2914 960 2979 Ι
983 2917 1034 2966 Ille
1045 2922 1128 2965 antem
1141 2944 1149 2954 ·
1163 2922 1191 2966 at
1202 2918 1270 2967 vidit
1283 2920 1309 2978 (ο
1322 2923 1349 2968 at

142 3004 239 3066 sistens)
253 3030 261 3040 ·
276 3006 302 3052 in
306 3005 396 3068 farier
407 3019 468 3051 aias
479 3002 508 3064 (c
522 3003 547 3051 in
559 3004 650 3058 faciem
662 3002 746 3065 raam)
756 3007 895 3065 prostrata
908 3002 935 3064 (c
949 3004 975 3051 in
987 3002 1071 3064 terra)
1085 3004 1168 3052 iacere
1180 3007 1212 3052 ut
1223 3015 1316 3062 Auem
1333 3017 1350 3052 r

141 3091 193 3139 lile
206 3114 214 3126 ·
228 3094 252 3138 et
264 3089 351 3138 videam
362 3105 424 3137 vera
436 3105 489 3137 essa
501 3105 565 3152 qnae
577 3088 698 3137 audierat
711 3085 715 3152 Ι
729 3089 836 3137 accessit
845 3089 880 3136 ad
891 3088 921 3149 (n
932 3086 985 3136 add
995 3086 1106 3149 beatam)
1116 3088 1188 3136 Mar.
1201 3093 1226 3136 et
1239 3113 1247 3124 ·
1261 3090 1351 3139 dicens

142 3180 172 3237 (n
185 3180 210 3224 et
222 3177 289 3223 dixit
300 3175 348 3236 eis)
362 3181 393 3224 ut
406 3188 455 3234 ους
474 3188 490 3223 13
503 3176 591 3224 statim
603 3175 711 3223 accersit
722 3174 757 3222 ad
769 3199 777 3209 ·
792 3190 862 3236 quern
875 3175 932 3234 ipsa
944 3174 1016 3236 sirpo
1029 3174 1119 3222 Maria
1138 3175 1164 3223 in
1176 3175 1233 3223 sinu
1245 3191 1292 3224 esra
1304 3176 1349 3226 do·

141 3264 232 3311 minam
248 3261 371 3325 portabat
389 3287 397 3296 ·
416 3261 515 3310 locatus
532 3266 571 3309 est
588 3261 623 3308 ad
639 3261 706 3309 unio.
725 3275 763 3308 er.
781 3276 851 3307 saum
867 3263 892 3307 et
909 3260 944 3308 ad
961 3275 1044 3307 omnes
1062 3275 1110 3306 ain.
1122 3261 1293 3317 mordicansf
1312 3274 1350 3310 un

141 3349 247 3396 accersit
259 3347 294 3395 ad
307 3346 405 3394 beatam
417 3346 473 3396 Ma.
486 3363 550 3411 qnae
564 3346 590 3394 in
601 3347 658 3394 rina
670 3362 714 3394 sao
723 3345 849 3393 dormine-m
858 3344 989 3406 portabat,
1003 3349 1029 3393 et
1040 3344 1153 3393 adorans
1165 3362 1219 3393 eum
1231 3347 1267 3395 ad
1279 3349 1349 3397 ania.

140 3448 222 3481 erere.
235 3448 305 3480 main
317 3436 342 3479 et
354 3431 389 3479 ad
401 3447 484 3481 omnes
496 3432 569 3482 ninia.
582 3447 640 3480 snos
651 3432 719 3479 dixit
732 3428 736 3494 Ι
751 3430 810 3479 Nisi
823 3455 831 3465 ·
844 3430 947 3479 deorum
959 3435 1102 3478 nostrorum
1114 3430 1162 3492 (cn
1175 3446 1216 3479 om
1230 3432 1287 3481 deo.
1298 3448 1349 3491 nm,

141 3518 188 3568 sed
201 3519 230 3568 cf
240 3517 277 3581 n),
290 3518 328 3566 dii
337 3518 419 3566 nostri
430 3543 439 3553 ·
453 3519 600 3567 cecidissent
611 3517 642 3577 (ι)
653 3517 820 3576 corrnissent)
831 3521 862 3564 ut
876 3528 944 3573 acm
958 3530 974 3565 u
987 3516 1040 3564 Ilia
1051 3517 1102 3564 nisi
1111 3517 1172 3565 desis
1183 3521 1249 3565 esset
1258 3518 1349 3567 domm

139 3605 243 3653 dearum
251 3609 341 3661 nostr„
353 3620 403 3653 non
416 3605 460 3653 isti
472 3620 557 3652 eoram
569 3619 597 3652 eo
610 3619 636 3652 sa
643 3607 852 3664 prosternerem·
865 3615 881 3649 n
895 3603 954 3650 Nisi
966 3603 1006 3650 tia
1018 3603 1079 3651 dens
1091 3608 1163 3661 esset,
1176 3620 1226 3652 non
1238 3607 1348 3654 assassi-

141 3695 220 3740 tasset
232 3689 354 3739 &nonem
363 3704 470 3751 pueram
483 3690 526 3752 qai
538 3689 630 3737 cecidit
641 3688 673 3737 de
685 3687 790 3745 solario,
810 3687 869 3737 sine
882 3689 979 3751 copule
991 3703 1106 3753 pergens
1118 3688 1157 3737 dii
1169 3690 1213 3737 isti
1225 3691 1350 3755 insanies

139 3793 199 3825 snas
215 3776 314 3824 minime
332 3777 446 3825 ceratias.
461 3773 465 3839 Ι
480 3791 558 3839 nequis
570 3799 578 3811 ·
591 3775 657 3823 unde
673 3789 728 3822 amn
744 3774 809 3822 dom.
823 3790 893 3823 mum
906 3773 933 3835 (c
944 3774 1069 3823 dominam
1081 3775 1145 3823 min
1157 3791 1228 3823 saum
1240 3792 1309 3832 esse,
1329 3792 1348 3826 n

139 3863 264 3911 dominum
276 3863 340 3910 enin
352 3878 388 3910 su.
402 3861 475 3910 illum
487 3859 551 3922 esse)
565 3865 614 3909 tae.
625 3865 733 3924 protest.
747 3868 778 3910 ut
791 3871 879 3919 anem
898 3872 914 3907 n
926 3864 952 3908 et
964 3861 991 3908 in
1007 3865 1139 3924 conspeetu
1151 3862 1205 3909 eius
1216 3863 1349 3924 prostrati

138 3948 211 3995 deam
223 3963 292 3995 aium
306 3947 377 3995 iilum
389 3948 430 3996 iia
444 3951 470 3995 et
482 3948 593 3995 iacentes
601 3950 809 4009 protestarentur
823 3943 826 4011 i
842 3946 896 3995 Nos
907 3961 967 4009 erpo
981 3947 1041 3995 deos
1053 3963 1092 3996 no.
1106 3947 1171 4010 qaod
1184 3946 1213 4006 (n
1226 3948 1295 4010 quod
1307 3949 1348 3998 de.

139 4034 191 4093 no.)
206 4058 214 4069 ·
227 4034 281 4082 eius
293 4031 322 4093 (u
335 4030 390 4095 om)
409 4034 462 4082 ind.
480 4035 577 4082 iiiearr.
591 4032 619 4094 (u
632 4033 681 4082 ina.
700 4031 766 4093 ind.)
780 4057 788 4068 ·
800 4033 919 4081 devenire
935 4039 966 4080 ut
980 4044 1034 4080 uns
1054 4032 1113 4093 (sed
1131 4033 1268 4098 interpgit
1281 4040 1348 4084 ante

140 4117 249 4179 omnes);
269 4130 304 4167 cn
318 4118 373 4167 Nos
389 4134 448 4168 aera
461 4120 526 4182 qnod
538 4119 650 4168 deonna.
664 4119 883 4183 adamassem,
901 4118 951 4167 nisi
963 4120 1033 4166 acati
1045 4122 1071 4167 et
1081 4118 1189 4166 solliciti
1192 4119 1348 4182 jecerimus,

137 4220 220 4254 omnes
237 4203 421 4266 indipnationis
437 4205 491 4252 eires
506 4205 533 4250 in
546 4201 575 4263 (o
588 4202 643 4266 om)
654 4203 797 4264 periculam
809 4204 905 4252 incorr.
916 4203 1057 4266 poterimus
1074 4208 1099 4252 at
1110 4204 1177 4253 nnio.
1190 4204 1217 4251 in
1230 4205 1277 4253 int.
1290 4205 1347 4254 deu.

138 4289 166 4352 (c
184 4292 211 4338 in
230 4290 359 4338 interitum
374 4292 465 4338 mortis
483 4289 610 4354 edemus)
630 4288 634 4354 Ι
654 4291 719 4339 dant
732 4289 763 4351 (D
776 4290 813 4338 sic
824 4288 900 4351 enim)
913 4313 923 4324 ·
935 4289 963 4336 in
973 4304 1044 4337 mare
1057 4288 1088 4350 (ι)
1100 4289 1127 4337 in
1138 4289 1216 4349 mari)
1229 4290 1296 4340 dem.
1308 4296 1347 4340 est

136 4386 167 4425 ut
181 4389 250 4435 Διιῐις
268 4376 363 4424 seirat
374 4377 456 4424 euenit
468 4400 477 4412 ·
490 4390 539 4424 non
556 4376 667 4425 credidit
683 4382 708 4425 et
720 4391 774 4425 cam
787 4379 846 4434 etc3
868 4387 883 4424 c
901 4375 1021 4425 breviter
1039 4375 1105 4424 sicat
1116 4376 1198 4424 evenit
1209 4376 1348 4425 Pharaoni

136 4462 204 4525 rapi,
222 4460 349 4524 quiderm
369 4460 459 4509 oudin
472 4460 603 4510 resumsit
621 4458 625 4524 Ι
647 4459 715 4509 stne
728 4484 736 4496 ·
751 4460 800 4510 Ier.
814 4461 939 4510 Cir-istam
952 4465 984 4508 ut
997 4472 1049 4519 11³3
1067 4472 1106 4509 n·
1120 4461 1288 4511 crediderant
1299 4462 1346 4512 deo
