3000 4912
195 313 262 375 304
628 312 717 364 acu
736 314 862 365 mm.
880 317 912 365 Β.
935 316 966 365 x.

197 467 249 528 εῑσ
268 462 329 548 τῦμ
350 458 432 548 γῆμ,
456 469 505 527 καὶ
528 469 637 528 έκειτο
658 464 770 549 ῖκαμῦμ
794 469 901 548 ὥραμ·
924 468 973 529 καὶ
996 468 1029 528 αἷ
1048 470 1209 549 γυμαῖκεσ
1225 461 1300 527 ὅσαι
1318 463 1397 528 ἧκο-

193 574 340 658 λούθουμ
360 569 446 658 αὐτῇ
461 575 637 661 ῖστάμεμαι
652 576 809 661 γύροοθερ
827 570 936 639 αῦτῦσ
953 583 1097 660 έκλαιορ.
1129 574 1181 660 ἀφ’
1203 573 1244 640 οῦ
1262 577 1299 638 δὲ
1318 575 1399 660 ἁμέ-

195 709 331 769 ωμευσε
347 690 397 749 καὶ
414 683 550 771 ῦγέρθυ,
568 686 691 751 έδόυσε
707 682 808 771 ῲοομῇ
820 687 955 772 μεγάλῃ
970 691 1142 772 λέγουσα·
1159 687 1243 771 κύριέ
1259 710 1331 770 μου,
1348 689 1400 751 υἷέ

196 821 268 881 μου,
285 792 358 860 ωοῦ
372 796 414 861 τὸ
430 797 562 862 κάλλοσ
578 801 635 862 έδυ
651 794 717 862 τῦσ
733 793 867 883 μορῲῦσ
883 821 961 873 σου;
977 804 1068 860 ωόδσ
1077 796 1245 882 ύωομεμῶ
1257 798 1398 882 θεοορεῖμ

192 931 238 982 γσε
258 903 400 973 τοιαῦτα
419 908 623 993 ωόισχομτα;
646 915 696 972 καὶ
717 904 828 973 ταῦτα
849 911 1007 994 λέγουσα
1029 912 1201 992 κατέταιμε
1223 908 1309 992 μετὰ
1324 914 1398 993 τῶμ

197 1018 331 1103 ὀμύχοομ
350 1018 392 1082 τὸ
407 1019 608 1104 ωρόσοοωομ
630 1015 741 1084 αύτῦσ
756 1025 807 1084 καὶ
824 1027 959 1084 έτυωτε
974 1018 1015 1083 τὸ
1033 1013 1172 1082 στῦθοσ.
1203 1013 1277 1082 ωοῦ
1293 1021 1400 1083 διέδυ-

196 1154 272 1214 σαμ,
289 1137 407 1216 έλεγε,
423 1130 469 1194 τὰ
479 1129 595 1216 ἀγαθὰ
607 1130 674 1195 ὅσα
685 1133 861 1195 έωοῦτσασ
876 1133 912 1215 ἐμ
925 1126 967 1213 τῇ
977 1130 1136 1211 Ἰουδαίας
1152 1132 1184 1192 τί
1195 1129 1292 1214 κακόρ
1304 1131 1400 1215 ωρδσ

197 1241 481 1306 τοὺσἹουδαίουσ
497 1245 686 1316 {mosacum
710 1243 829 1306 οῦτοοσ
849 1234 907 1326 οῦμ
928 1240 1064 1326 ῑδόμτεσ
1082 1240 1186 1324 αῦτῦμ
1208 1242 1399 1306 οἷἸουδαῖοι

197 1346 384 1437 θρυμοῦσαμ
401 1359 451 1416 καὶ
462 1354 656 1438 κράζουσαμ,
674 1346 779 1438 ἦλθομ
797 1359 845 1417 καὶ
857 1356 996 1437 ἐδίωραμ
1009 1351 1112 1436 αῦτῦμ
1130 1349 1204 1414 ἆωὸ
1220 1347 1287 1415 τῦσ
1304 1349 1398 1417 ὁδοῦ·

197 1463 216 1526 ᾖ
238 1466 276 1527 δὲ
297 1462 354 1527 οῦκ
375 1467 539 1528 έωεδθετο
563 1471 699 1549 ῲυγεῖμ,
726 1464 800 1528 ἀλλ’
829 1472 928 1549 έμεμε
948 1467 1106 1549 λέγουσα
1131 1461 1180 1526 ὅτι
1202 1464 1399 1547 ᾠομεύσατε

197 1576 257 1658 έμὲ
273 1581 430 1659 ωρῶτομ,
443 1574 595 1642 Ἰουδαῖοι
611 1576 814 1661 ωαρὰμομοι.

196 1867 314 1936 έκλαιορ
330 1867 334 1936 γ
349 1866 399 1936 ἀφ’
415 1860 496 1918 οῦδὲ
510 1897 519 1907 -
533 1866 624 1938 ᾠοορξι
639 1885 704 1939 μεγ.
715 1867 861 1935 λέγουσα·
875 1862 948 1935 κύριέ
962 1882 1027 1935 μου,
1039 1865 1082 1918 υἱέ
1096 1883 1152 1936 μου
1165 1886 1224 1920 eum
1237 1883 1255 1920 Α
1268 1907 1275 1921 .
1289 1909 1296 1922 .
1309 1884 1324 1923 c
1338 1887 1399 1922 τοτα

197 1958 311 2021 plurima
324 1957 357 2006 de
370 1972 417 2006 suo
430 1957 515 2009 addit.
535 1957 626 2008 Habet
639 1960 709 2008 enim
723 1959 762 2007 ita
775 1957 817 2022 (uc
829 1959 954 2007 similiter
964 1955 1008 2018 1³):
1022 1950 1074 2020 ὁδί
1090 1946 1125 2004 οῦ
1139 1953 1170 2003 δέ
1185 1959 1211 2018 (n
1222 1956 1276 2006 add
1287 1955 1341 2021 καὶ)
1354 1954 1400 2025 dp.

197 2058 218 2090 κ.
232 2037 353 2106 ῦγέρθυ,
367 2037 519 2109 δραμοῦσα
533 2041 581 2090 α’σσ
592 2039 698 2110 λέαιμα
709 2035 773 2091 ῦωὸ
788 2043 891 2107 (potius
904 2034 969 2090 ἁωό
978 2041 1002 2104 Ρ)
1015 2036 1107 2105 ἀγροῦ
1121 2038 1162 2089 καὶ
1175 2034 1350 2107 διαρρύῑασα
1362 2038 1400 2092 τὰ

195 2119 297 2194 ἱμάτια
315 2122 426 2185 αῦτῦσ,
450 2121 660 2195 οῦραρολόγοσσ
678 2128 729 2192 (οἱα
748 2127 840 2192 uterq)
857 2123 1055 2175 ῦωεΒλέωετο
1078 2119 1154 2176 τούσ
1170 2123 1338 2177 Ἰουδαίουσ
1354 2125 1400 2177 λέ-

196 2225 306 2276 γουσα·
326 2205 395 2261 δότε
409 2227 456 2281 μοι
470 2207 578 2282 ᾶρδρεσ
596 2207 666 2282 όδόμ
680 2208 891 2279 ωεριωατῦσαι
905 2209 947 2261 καὶ
959 2206 1182 2280 ωεριωλακῦμαι
1194 2208 1242 2276 τῴ
1255 2208 1399 2278 τραχήλῳ

196 2294 252 2346 τοῦ
264 2293 365 2367 ἁρρίου
378 2312 449 2367 μου·
466 2292 536 2348 δότε
556 2314 602 2369 μοι
622 2292 731 2369 ἆρδρεσ
746 2293 848 2367 τόωορ
869 2295 964 2348 ὄωωσ
983 2292 1101 2347 κλαύσω
1114 2291 1169 2364 τδρ
1181 2295 1400 2367 ωαμῴίλτατομ

196 2377 259 2451 υῑόρ
274 2398 344 2452 μου,
360 2377 397 2433 τὸ
410 2380 510 2453 ἁρμὶομ
524 2382 584 2434 τῦσ
595 2382 706 2452 ψυχῦσ
719 2400 790 2455 μου·
809 2379 880 2434 δότε
893 2398 939 2451 μοι
953 2377 1061 2450 ἅμδρεσ
1072 2376 1174 2450 τόωομ
1187 2381 1262 2450 [ἵμα]
1274 2377 1360 2449 τύχω
1374 2388 1401 2449 (Β

199 2486 240 2520 om
258 2463 328 2518 δότε
345 2487 396 2535 ατο
414 2462 510 2535 τύχω)
527 2465 563 2520 τὸ
583 2465 843 2538 θυλλαγγόλακτομ
858 2472 887 2533 (n
901 2468 1013 2535 θυλαγ.)
1025 2469 1090 2537 τῶμ
1105 2467 1229 2538 μασθῶμ
1245 2484 1316 2538 μου·
1332 2465 1403 2521 δότε

200 2568 246 2625 μοι
261 2549 369 2623 όμδρεσ
384 2549 487 2624 τόωομ
508 2552 603 2607 ὅωωσ
620 2551 770 2623 θεωρύσοο
791 2555 832 2607 καί
852 2550 970 2606 κλαύσω
989 2548 1043 2622 τόμ
1060 2547 1244 2623 γλυκύτατομ
1258 2550 1321 2625 υῑόρ
1336 2572 1401 2626 μου.

199 2637 241 2690 καί
259 2633 295 2689 τό
314 2636 431 2690 οτῦθοσ
451 2639 548 2692 αῦτῦσ
560 2636 722 2692 τύωτουσα
735 2631 809 2692 ἐθόα
821 2638 967 2705 λέγουσα·
987 2640 1061 2707 οἶμαι
1076 2639 1166 2709 οἶμοι,
1183 2636 1348 2704 γλυκύτατε
1360 2641 1407 2694 υἱέ

199 2725 226 2786 (n
244 2719 426 2795 γλυκύτατομ
446 2730 504 2778 sine
522 2724 588 2791 υἱέ),
607 2725 681 2795 ᾠῶσ
698 2728 762 2795 τὼμ
782 2725 865 2796 ἐμῶρ
886 2724 1070 2795 όῴθαλμῶρ,
1088 2723 1280 2794 ωαμΒασιλεῦ
1296 2729 1402 2794 (nom).

200 2810 275 2879 οἶμοι
290 2812 374 2880 οἶμοι,
386 2815 464 2864 ωόοσ
475 2813 627 2884 ῦωομερὼ
642 2815 767 2883 θεωρῶρ
782 2830 817 2865 σε
829 2813 862 2883 ἐμ
877 2810 997 2879 σταυρῷ
1012 2808 1209 2883 κρεμάμεμομ;
1225 2814 1301 2882 οἶμοι
1317 2814 1402 2884 οἶμοι,

197 2893 263 2946 ατοῦ
284 2912 330 2967 μοι
349 2895 403 2948 τοῦ
425 2901 448 2949 Γ
450 2893 554 2964 αΒρυὶλ
570 2893 608 2950 τὰ
627 2898 799 2966 εὐαγγέλια;
817 2896 904 2950 δεῦτε
915 2889 1038 2966 ωόμτεσ
1051 2892 1198 2949 κλαύσατε
1210 2894 1267 2968 τῦμ
1281 2915 1402 2968 τετραυ·

200 2982 384 3053 ματιομέρυρ
399 2999 457 3052 μου
468 2979 585 3054 ψυχύμ,
599 2983 642 3035 ὄτι
656 2980 710 3054 τὸμ
725 2981 879 3055 μορογερῦ
895 2999 952 3053 μου
964 2978 1027 3051 υῑὸμ
1042 2982 1083 3034 καὶ
1095 2978 1278 3054 γλυκύτατομ
1293 2984 1402 3037 Βλέωο)

199 3062 402 3139 ᾶωαγόμερορ
421 3070 468 3119 doc
488 3066 587 3139 ἁρμῐορ
608 3065 715 3140 ἆκακορ
733 3069 785 3122 {mi
804 3067 934 3135 σταυροῦ
953 3068 994 3120 καὶ
1013 3071 1060 3119 (nc
1079 3063 1229 3138 κατάδικομ
1242 3073 1311 3121 ταῖσ
1322 3070 1402 3138 χερσὶ

199 3153 375 3224 δεδεμέμομ,
395 3153 435 3205 καὶ
453 3149 507 3225 τδρ
524 3150 699 3226 ταρύσαμτα
716 3152 771 3224 τδρ
791 3151 920 3225 ούραμὸρ
935 3154 1008 3206 σ’σσεὶ
1025 3153 1116 3223 δέρριμ
1134 3157 1182 3205 α’σσ
1193 3151 1311 3225 λῌοτύμ
1326 3152 1402 3227 μετὰ

198 3242 322 3309 λῌστὼμ
336 3235 547 3310 ἁωαγόμερομ.
572 3237 658 3291 δεῦτε
675 3235 825 3293 ἀκούσατε
837 3240 904 3293 λαοὶ
924 3240 1013 3310 φυλαὶ
1032 3239 1073 3291 καί
1090 3243 1242 3306 γλῶσσαι,
1260 3239 1402 3312 τοιοῦτορ

199 3321 297 3395 ἆδικομ
316 3321 448 3397 θὰρατορ
468 3326 564 3397 δῑδουρ
584 3328 649 3393 (sic)
666 3323 720 3378 τοῦ
740 3325 804 3379 υῑοῦ
824 3344 889 3398 μου.
927 3326 968 3379 καί
985 3321 1079 3396 ωόλψ
1097 3327 1291 3396 γεγοομοτέρᾳ
1310 3326 1401 3398 ᾠωμῇ

199 3406 274 3464 ἑδόα
291 3410 436 3479 λέγουσα·
454 3410 497 3463 υἱέ
516 3428 585 3482 μου,
603 3409 646 3463 υἱέ
664 3429 721 3483 μου
738 3405 902 3479 γλυκύτατε
921 3414 924 3482 Ι
942 3411 1008 3464 ωοῦ
1026 3408 1062 3463 τὸ
1081 3406 1191 3463 κάλλοσ
1210 3441 1219 3452 -
1236 3409 1402 3484 ωύσχορτα

199 3517 259 3552 cum
276 3516 294 3550 A
307 3537 334 3552 ..
352 3500 410 3565 c(1³)
423 3502 476 3552 sic:
495 3496 560 3551 ωοῦ
579 3515 635 3550 σου
652 3495 688 3551 τὸ
702 3494 814 3552 κάλλοσ
827 3497 876 3551 έδυ
889 3498 949 3552 τῦσ
963 3497 1098 3569 μορῲῦσ;
1114 3501 1192 3549 ωῶσ
1210 3498 1402 3568 ᾶγμὼριστοσ

200 3583 293 3654 ᾡαίρῌ
314 3601 376 3654 μοι·
394 3584 411 3636 ὁ
429 3588 541 3652 ὡραῑοσ
561 3582 656 3637 κάλλει
675 3583 761 3653 ωαρὰ
778 3581 854 3638 τούσ
866 3582 950 3638 υῑοῦσ
962 3587 1025 3655 τὼρ
1044 3583 1220 3654 ἀμθροόωοορ
1240 3581 1280 3635 ἕο
1292 3577 1402 3652 τορότε-

199 3686 260 3741 ρομ,
281 3669 331 3741 μῦμ
350 3669 382 3721 δὲ
401 3669 590 3741 ἁγμώριστοσ
609 3668 636 3722 εἴ
646 3675 743 3737 (codex
757 3673 830 3737 εἴη),
848 3666 1012 3737 γλυκύτατε
1025 3674 1054 3736 (Β
1068 3688 1109 3722 om
1123 3668 1139 3721 ὀ
1153 3671 1266 3738 σὀραῑοσ
1279 3699 1289 3709 -
1302 3674 1402 3736 γλυκ).

198 3758 277 3806 ωῶσ
294 3755 446 3826 ύωομεμό)
465 3757 590 3825 θεωρῶμ
608 3759 636 3822 (Β
654 3761 737 3828 ρεῖρ)
757 3773 793 3809 σε
810 3755 937 3810 τοιαῦτα
952 3753 1133 3826 ωόσχομτα;
1155 3757 1160 3826 Ι
1184 3755 1225 3807 καί
1242 3753 1340 3809 ταῦτα
1355 3755 1400 3807 λέ·

198 3857 296 3907 γουσα
310 3869 319 3881 -
333 3841 374 3892 καί
394 3839 510 3893 έτυωτε
523 3871 532 3881 -
546 3870 555 3881 -
567 3838 651 3909 ωρόσ
668 3859 695 3895 τ.
707 3841 794 3898 Ἰουδ.
812 3842 968 3894 έωοίυσασ
986 3859 1045 3894 cum
1064 3857 1100 3894 n
1114 3881 1120 3895 .
1133 3882 1139 3896 .
1153 3856 1168 3894 ο
1183 3840 1224 3892 καὶ
1240 3839 1338 3893 ταῦτα
1355 3841 1401 3893 λέ·

198 3943 297 3992 γουσα
313 3926 429 3979 ἐτυωτε
447 3924 483 3979 τὸ
503 3925 618 3979 στῦθοσ
635 3927 733 3980 αῦτῦσ
751 3929 798 3982 καὶ·
806 3925 1023 3995 δακρυρροοῦσα
1037 3923 1112 3996 μετὰ
1126 3928 1268 3998 οῖμοσγὼμ
1283 3926 1400 3996 Βαρέωμ

199 4009 344 4078 λέγουσα·
362 4011 428 4064 ατοῦ
441 4012 498 4074 ἔδυ,
515 4014 558 4066 υῑέ
571 4032 636 4085 μου,
654 4010 692 4067 τὰ
705 4009 804 4082 ἁγαθοὶ
818 4012 877 4067 ὅσα
889 4015 1044 4066 έωοίκσασ
1057 4013 1089 4083 ἐμ
1103 4011 1290 4082 τῇἸουδαῑᾳ;
1309 4015 1335 4066 τί
1347 4011 1400 4080 γὰρ

201 4093 301 4167 κακόρ,
322 4096 365 4149 υῑέ
385 4096 632 4168 μουγλυκύτατε,
656 4097 740 4167 ωρόσ
762 4096 838 4152 τούσ
855 4097 1037 4168 ἁχαρίστουσ
1049 4097 1215 4152 Ἰουδαῑουσ
1232 4098 1400 4158 έωοίΗσασς

199 4180 263 4250 ἁμτί
277 4181 401 4255 ἀγαθῶρ
417 4180 485 4236 κακὰ
498 4183 621 4237 έλαΒεσ·
639 4185 702 4254 ἁρτί
715 4183 771 4237 τοῦ
784 4182 910 4256 ἁγαωᾶρ
926 4201 974 4245 σε,
992 4184 1036 4237 υἱέ
1049 4201 1106 4256 μου
1117 4183 1329 4255 ωαμῴἰλτατε,
1347 4181 1400 4255 τὸρ

198 4262 303 4336 ψόγορ
321 4268 528 4340 ωροσεῲέρασι
547 4272 610 4337 (sic)
632 4271 672 4321 καί
693 4268 813 4338 σταυρῷ
833 4286 868 4322 σε
888 4274 1090 4340 ωροσυλῶσατ
1112 4266 1280 4340 Βούλομται.
1316 4272 1400 4340 οἴμοι,

200 4352 284 4424 οἶμαι.
299 4355 303 4423 Ι
318 4354 438 4426 ἐδῑοοῖαμ
452 4375 511 4410 cum
520 4372 556 4409 An
567 4394 574 4409 .
586 4395 592 4410 .
606 4355 754 4428 σὲδίοοκομ
770 4359 773 4426 Ι
789 4355 893 4427 έμερει
906 4375 923 4410 n
934 4361 987 4412 add
998 4356 1040 4410 καί
1050 4351 1125 4408 ἐθόα
1138 4357 1142 4424 Ι
1158 4354 1201 4409 ὅτι
1213 4352 1400 4427 ψορεύσατει

199 4453 233 4492 no
247 4457 289 4492 om
303 4455 345 4492 οτι
