2962 4912
580 338 850 391 rnonusourns.
1193 350 1310 399 m

148 519 206 567 vero
224 513 317 578 quum
341 491 506 558 diceretur
529 492 741 575 evangelium,
767 491 909 575 apostoli
931 495 1145 573 cognomento
1167 489 1307 573 plerum·

147 631 194 698 que
210 625 267 671 non
284 602 407 684 addito,
431 610 464 669 et
486 602 571 668 idem
587 593 732 669 Thomae
750 625 868 669 nomen
883 602 1035 686 discipuli
1050 609 1137 668 esset
1151 599 1308 681 Manetis,

147 726 210 790 hunc
225 718 330 798 ipsum
343 713 579 780 Manichaeum
593 735 653 798 pro
669 716 828 799 scriptore
840 714 919 780 libri
933 713 1053 780 habere
1068 712 1211 797 proclive
1227 717 1308 778 erat.

207 827 381 893 Praeterea
402 833 440 891 ut
468 826 615 894 Graecos
642 825 763 892 multos
790 827 982 909 posterioris
1009 825 1129 891 aetatis
1157 822 1197 889 de
1223 822 1308 889 libro

146 943 260 1011 Thomae
285 943 429 1003 testatos
457 938 640 1021 mittamus,
670 937 805 1003 fuerunt
830 938 931 1003 etiam
953 936 1067 1002 Latini
1094 943 1213 1019 quarto
1241 937 1308 1001 iam

146 1051 247 1121 saeculo
265 1051 324 1133 qui
345 1050 571 1115 testimonium
587 1048 740 1133 Origenis
763 1070 858 1114 suum
880 1047 1064 1130 redderent,
1085 1054 1124 1113 ut
1138 1044 1307 1113 Ambro-

146 1160 263 1232 eiusad
284 1160 368 1226 Luc.
382 1161 411 1243 Ι,
428 1164 455 1226 1.
478 1167 512 1226 et
532 1161 801 1245 Hieronymus
824 1161 858 1225 in
881 1158 1086 1242 praefatione
1109 1165 1307 1225 commenta·

144 1278 239 1343 riorum
260 1293 361 1355 super
382 1272 599 1339 Matthaeum.

206 1363 291 1450 Satis
314 1384 418 1467 igitur
433 1383 473 1448 de
496 1384 657 1466 evangelii
671 1383 819 1448 Thomae
842 1389 875 1448 et
898 1382 1098 1466 antiquitate
1121 1389 1155 1447 et
1172 1382 1308 1447 celebri·

144 1504 194 1565 tete
215 1500 351 1560 constat.
396 1494 462 1561 Sed
485 1496 658 1578 quaeritur
680 1516 722 1560 an
745 1493 883 1559 eundem
905 1493 1025 1559 librum
1048 1492 1308 1559 etiamnumtha-

144 1612 259 1675 beamus.
304 1606 381 1671 Hoc
409 1604 545 1671 dubium
572 1604 677 1670 videri
704 1612 814 1688 potest
841 1611 1018 1689 propterea
1041 1603 1130 1689 quod
1146 1605 1190 1668 ’iu
1216 1603 1309 1669 libris

144 1718 349 1799 manuscriptis
371 1739 437 1783 non
459 1716 584 1781 dictum
606 1717 1012 1802 reperimusevangelium
1032 1714 1190 1798 Thomae,
1212 1735 1310 1798 quem

143 1830 249 1897 titulum
276 1827 370 1910 apud.
394 1835 520 1893 veteres
544 1828 705 1893 celebrari
728 1827 876 1893 vidimus.
920 1826 963 1891 In
985 1825 1233 1893 Vindoboneusi
1257 1846 1310 1891 co·

144 1943 195 2008 dice
212 1939 284 2003 libri
307 1938 424 2003 titulus
446 1946 496 2005 est
519 1937 655 2002 Παιδικὰ
677 1933 740 2003 τοῦ
763 1939 869 2022 κυρίου
891 1944 951 2004 etc.
995 1937 1037 2002 In
1050 1938 1255 2004 Bononiensi
1277 1944 1311 2002 et

143 2051 297 2118 Drasdensi
318 2045 432 2134 Θωμᾶ
453 2050 529 2134 *lep
553 2057 667 2133 ᾡιλοσ.
693 2049 778 2136 ῥυτὰ
800 2053 853 2114 cio
873 2049 920 2112 τὰ
939 2048 1077 2112 ωαιδικὰ
1102 2044 1166 2112 τοῦ
1187 2050 1315 2132 κυρίους

144 2163 268 2230 similiter
290 2163 325 2226 in
344 2162 526 2228 Parisiensi
548 2161 663 2247 λόγου
686 2165 738 2225 sic
760 2161 805 2224 τὰ
825 2161 962 2224 ωαιδικὰ
983 2165 1034 2224 καὶ
1058 2164 1226 2245 μεγαλεῖα
1247 2155 1311 2223 τοῦ

143 2279 232 2360 κυρίου.
278 2272 321 2337 In
351 2272 510 2339 Sinaiticc
539 2279 589 2337 est
619 2273 834 2357 Εύγγραμμα
860 2268 923 2336 τοῦ
951 2271 1007 2356 ἀγ.
1037 2260 1168 2335 αἶωοστζ
1197 2264 1311 2354 emp&

143 2392 204 2470 mot
229 2381 293 2448 reio
322 2379 482 2449 martiris
513 2379 736 2468 ἆμαστροῴᾖσ
766 2379 829 2448 τοῦ
860 2387 981 2467 κυρίου,
1014 2390 1116 2466 atque
1144 2384 1180 2447 in
1206 2381 1310 2447 latino

143 2505 213 2564 textu
231 2502 343 2563 nostro
372 2498 536 2561 Tractatio
557 2498 594 2559 de
609 2500 743 2581 pumilio
763 2487 834 2559 Iesu
855 2497 1015 2558 secundum
1044 2495 1201 2558 Tbomam.
1246 2493 1311 2558 Ta·

144 2631 200 2674 men
221 2630 281 2673 non
310 2614 420 2690 potest
447 2607 489 2672 ab
517 2607 579 2672 hac
607 2608 697 2671 tituli
720 2607 943 2688 discrepantia
971 2605 1014 2670 ad
1038 2605 1143 2689 ipsius
1164 2605 1242 2670 libri
1264 2604 1310 2669 di·

145 2721 306 2785 versitatem
328 2718 489 2800 concludi,
511 2725 549 2783 ut
572 2719 701 2801 egregie
725 2719 793 2782 iam
814 2716 926 2782 docuit
943 2714 1078 2798 Thi101)
1103 2715 1182 2783 (lod.
1200 2737 1311 2799 apocr.

144 2829 310 2898 LXXXIV
330 2852 401 2913 sqq.
445 2829 492 2895 Ut
515 2830 601 2893 enim
624 2827 850 2908 concedamus,
872 2828 992 2893 librum
1007 2828 1155 2893 Thomae
1177 2828 1310 2893 nomine

147 2941 275 3024 evangelii
299 2941 388 3024 apud
410 2942 564 3022 antiquos
587 2939 781 3023 plerumque
804 2940 928 3004 dietum
951 2960 1035 3020 esse,
1063 2946 1174 3004 tamen
1198 2939 1232 3003 id
1254 2960 1311 3021 po·

146 3053 194 3117 tius
216 3053 251 3118 ab
278 3059 472 3135 argumento
499 3051 576 3117 libri
604 3057 637 3117 et
663 3073 704 3117 ex
725 3051 968 3116 haereticorum
991 3071 1052 3114 usu
1076 3070 1176 3133 quam
1199 3050 1241 3114 ab
1264 3050 1312 3114 in·

146 3165 291 3246 scriptione
314 3163 393 3239 libri
416 3163 550 3246 abipso
573 3169 706 3228 auctore
730 3163 910 3228 constituta
932 3161 1057 3226 laetum
1080 3182 1151 3226 esse
1172 3161 1311 3227 videtur.

143 3271 235 3357 Neque
255 3276 360 3357 magis
383 3295 423 3341 ea
446 3275 665 3358 appellatione
688 3281 814 3339 veteres
838 3279 1030 3338 constanter
1052 3274 1105 3338 usi
1128 3279 1213 3338 sunt
1247 3273 1310 3338 Le-

142 3392 238 3466 guntur
259 3388 348 3452 enim
370 3386 459 3469 apud
474 3386 756 3470 Chrysostomum,
779 3385 997 3450 Anastasium
1013 3383 1183 3467 Sinaitam
1206 3385 1310 3453 Geor-

141 3497 211 3577 gium
230 3497 427 3582 syncellum,
458 3499 674 3581 Euthymium
697 3497 903 3580 Zigabenum
926 3496 1089 3579 aliosque,
1121 3516 1205 3578 quae
1228 3496 1310 3561 bene

140 3609 315 3690 respondent
351 3610 474 3675 nostris
510 3608 798 3691 inscriptionibus,
835 3628 918 3691 quas
949 3606 1082 3689 quidem
1120 3627 1160 3671 ex
1196 3608 1311 3689 primis

139 3722 227 3784 textus
247 3720 356 3786 verbis
379 3720 545 3786 desumtas
568 3742 640 3785 esse
664 3726 810 3802 apparet.
854 3718 957 3800 Apud
980 3717 1311 3802 Chrysostomirm

207 3903 225 3968 l)
242 3906 305 3956 llum
321 3911 395 3956 recte
413 3906 494 3956 stiam
507 3906 667 3969 explicuisse
680 3908 746 3970 puto
760 3904 792 3954 da
806 3905 929 3968 catalogo
942 3903 1070 3952 librorum
1082 3904 1310 3954 Manichaicorum

138 4003 200 4052 quem
214 3993 386 4044 Timotheo
405 3991 711 4057 Constantinopolitano
734 3990 904 4049 adscribunt,
929 3991 985 4040 1.1.
1008 4007 1034 4055 p.
1048 3990 1194 4040 nxxxm.
1232 3988 1310 4041 Certe

138 4075 193 4125 suin
208 4079 321 4142 scriptor
340 4077 466 4142 catalogi,
485 4076 629 4140 separatim
647 4091 789 4126 recensens
809 4068 843 4123 τό
864 4066 936 4123 κατὰ
956 4069 1071 4142 Θωμᾶμ
1090 4070 1263 4142 εὐαγγελίου
1284 4078 1312 4125 st

137 4149 167 4205 τὰ
184 4155 292 4210 ωαιόικὰ
316 4157 468 4229 λεγόμεμα
485 4155 541 4208 τοῦ
561 4156 666 4223 κυρίου,
691 4175 746 4209 ram
764 4174 818 4208 non
837 4159 904 4207 satis
923 4173 1002 4209 nosse
1021 4156 1170 4208 censendus
1189 4162 1241 4208 est.
1279 4159 1311 4218 ln

139 4239 247 4296 Gslrsii
271 4262 333 4297 vero
358 4247 467 4296 decreto
492 4246 580 4294 varias
604 4245 666 4294 libri
691 4245 825 4294 editiones
847 4244 1037 4308 respiciuntur.
1075 4242 1188 4293 Latinae
1207 4244 1311 4293 enims

139 4344 211 4393 σηοω
234 4333 286 4382 ism
309 4337 365 4382 tum
384 4333 455 4382 haud
474 4332 554 4381 dubie
576 4332 644 4380 sotis
667 4330 841 4388 differebant,
866 4345 916 4380 nec
940 4330 1058 4380 fideliter
1079 4344 1176 4379 nomen
1193 4328 1310 4378 Thomas

139 4418 320 4467 muservsbsnt.
354 4416 386 4466 Id
404 4415 475 4482 quod
495 4432 526 4465 ex
545 4416 611 4480 ipsis
630 4416 730 4466 nostris
749 4415 944 4480 exemplaribus
964 4414 1086 4466 discitur.
