2962 4912
138 324 277 374 unm
604 307 877 361 PBOLFGOMFNA.

156 473 216 523 uon
247 461 267 524 i.
277 481 304 525 e.
314 480 412 542 quem
420 458 485 541 ipsi
494 457 729 542 descripsimus
739 481 779 525 ex
788 458 995 526 cod.Veneto
1005 459 1180 526 Marciano
1192 460 1287 526 class.
1297 459 1344 525 X.

245 594 332 637 num.
348 569 552 638 CXXXIV.
576 571 700 637 saeculi
715 570 817 638 XVI.

358 791 457 859 XVI.
497 792 617 860 XVII.
662 793 934 861 ANAPHORA
956 793 1120 860 PILATI

619 922 726 961 (11111103
746 924 765 961 Δ
782 922 817 961 BF
835 923 861 962 B.

224 1027 343 1091 Prior
369 1025 469 1090 huius
498 1025 670 1091 relationis
693 1027 796 1092 Pilati
825 1026 867 1094 ad
895 1027 1080 1110 principem
1103 1029 1252 1094 recensio
1277 1030 1344 1111 pri·

137 1159 227 1205 mum
249 1137 339 1202 edita
361 1143 411 1202 est
433 1159 453 1202 a
474 1137 668 1204 Fabricio
692 1138 772 1205 Ood.
789 1160 898 1222 apocr.
913 1138 983 1205 HI.
1005 1161 1036 1222 p.
1053 1141 1116 1204 456
1135 1161 1206 1224 sqq.
1229 1139 1344 1206 addita

137 1249 287 1316 versione
317 1249 433 1315 latina.
483 1250 625 1316 Fextum
657 1272 674 1316 e
707 1250 777 1316 cod.
799 1250 907 1316 Paris.
934 1252 1018 1334 Reg.
1049 1273 1136 1317 nuno
1166 1250 1245 1317 Nat.
1271 1255 1346 1317 770.

137 1348 278 1426 a131‘5.
301 1367 438 1427 exarato
463 1382 566 1445 opera
589 1361 732 1429 Gustavi
755 1361 940 1429 Sohroeder
962 1363 1163 1446 exscriptum
1185 1363 1345 1430 babebat.

137 1472 191 1537 ux
207 1472 292 1539 libro
305 1472 458 1539 Fabricii
474 1472 613 1538 eundem
629 1478 756 1539 textum
773 1473 965 1539 Birchius
980 1474 1115 1557 repetiit
1129 1474 1163 1539 in
1173 1474 1341 1541 Auctario

138 1604 207 1665 suo,
229 1589 268 1648 ut
290 1585 460 1650 commode
483 1585 627 1651 conferri
649 1592 763 1669 posset
786 1607 859 1650 oum
881 1585 989 1652 altera
1010 1587 1203 1653 recensione
1219 1589 1253 1652 in
1269 1587 1344 1652 cod.

136 1694 391 1763 Vindobonensi
411 1697 554 1762 inventa
595 1695 713 1762 Thilo
739 1696 878 1762 alteram
896 1698 1124 1764 recensionem
1142 1697 1239 1764 edere
1259 1700 1342 1765 satis

136 1805 268 1889 habuit,
290 1806 333 1872 ad
357 1829 456 1890 quam
477 1808 601 1891 passim
623 1808 752 1873 notarit
774 1808 974 1874 Parisiensis
997 1809 1121 1875 codicis
1144 1831 1165 1875 a
1187 1832 1222 1875 se
1244 1831 1342 1876 eccu-

137 1919 245 1984 ratius
269 1918 381 1984 oollati
402 1907 572 1985 lectiones.
606 1918 641 1984 N
647 1940 689 1983 os
711 1918 921 1984 adhibuimus
942 1920 1004 1986 hos
1027 1919 1157 1986 codices
1180 1922 1343 2005 quinque:

195 2053 217 2096 A
244 2031 265 2096 i.
282 2053 308 2096 e.
331 2031 406 2097 Par.
427 2034 498 2096 770.
521 2054 549 2096 a.
575 2033 665 2096 1315.
689 2030 729 2097 de
753 2052 817 2114 quo
840 2031 938 2098 modo
962 2032 1111 2097 diximus.
1155 2031 1342 2099 Sumsimus

248 2164 288 2207 ex
310 2140 451 2208 Thilone
473 2147 508 2207 et
528 2141 694 2207 Fabricio.

195 2274 216 2318 6
243 2255 263 2318 i.
279 2275 306 2318 e.
328 2252 405 2318 Par.
427 2274 514 2317 num.
531 2255 602 2317 929.
625 2252 748 2318 saeculi
775 2252 860 2333 XV.
890 2254 983 2318 ouius
1006 2258 1134 2318 textum
1157 2258 1265 2319 tetum
1288 2252 1345 2318 de·

247 2365 449 2447 scripsimus.

199 2494 217 2540 o
248 2477 268 2540 i.
291 2496 318 2540 e.
341 2474 522 2540 Mediolon.
545 2475 701 2540 Ambros.
729 2476 760 2540 F
786 2478 847 2540 100
879 2474 972 2557 Sup,
1004 2475 1128 2540 saeculi
1159 2477 1227 2541 fere
1255 2475 1344 2542 XH.

246 2586 368 2651 Totum
391 2586 633 2669 descripsimus.

197 2718 219 2761 n
245 2698 265 2762 i.
281 2720 308 2762 e.
324 2697 424 2762 Coisl.
434 2696 584 2765 CXVII.
600 2700 734 2763 61332.
751 2699 903 2780 scriptus.
928 2696 1175 2779 Descripsimus
1190 2699 1231 2763 ab
1248 2699 1344 2764 initio

247 2830 352 2891 usque
381 2813 430 2872 καὶ
455 2808 614 2892 ἑμδόῖουσ
636 2801 910 2893 ωαρεσκειάσεμ.
955 2808 1088 2873 Rursus
1109 2808 1151 2873 ab
1175 2811 1344 2874 ἐκέλευσα

249 2912 307 3005 obp
331 2914 455 3005 τοῦτομ
480 2916 714 3004 σταυρωθῆμαι
739 2942 843 3002 usque
867 2914 940 3004 τοὸμ
962 2919 1056 2983 Ἰουδ.
1081 2925 1131 2984 καὶ
1154 2915 1217 2985 τοῦ
1239 2913 1345 3006 μόμου

248 3026 375 3115 αὖτοόμ.
421 3029 508 3095 Item
532 3031 648 3096 ultima
671 3031 773 3095 verba
796 3030 887 3115 ὅωερ
912 3033 1000 3116 εῒδομ
1024 3036 1085 3095 eto.

198 3164 219 3207 n
247 3144 267 3207 i.
284 3164 310 3206 e.
329 3142 534 3208 Harleianus
557 3145 650 3208 5636.
674 3143 798 3208 saeculi
820 3142 890 3208 fere
905 3142 984 3209 XV.
1028 3141 1112 3207 Inde
1135 3143 1267 3207 initium
1291 3164 1345 3207 us·

249 3275 313 3337 que
336 3252 396 3337 τὸμ
420 3246 503 3317 τότε
527 3254 634 3340 καιρὸμ
659 3257 783 3339 δέομτα
807 3255 1050 3337 exscripsimus.

226 3366 372 3431 Altera
395 3365 542 3430 eiusdem
558 3365 730 3431 relationis
746 3367 895 3430 recensio
913 3364 1056 3431 editores
1070 3365 1187 3430 babuit
1203 3372 1236 3430 et
1252 3364 1346 3429 Bir-

141 3477 271 3543 chium
293 3483 327 3541 et
349 3475 571 3542 Thilonem.
607 3477 670 3542 Ille
690 3499 730 3542 ex
747 3477 1000 3545 Vindobonensi
1015 3475 1129 3541 codiee
1144 3475 1257 3541 hausit
1273 3498 1346 3542 sae-

143 3586 207 3653 ouli
226 3589 293 3653 lere
308 3587 408 3655 XIV.
446 3588 548 3671 Apud
564 3587 753 3653 Nesselium
768 3588 947 3671 insignitus
963 3594 1013 3652 est
1034 3609 1122 3651 num.
1137 3590 1223 3669 246.;
1247 3587 1346 3652 Lam-

141 3697 254 3763 becius
270 3698 310 3763 de
326 3720 364 3764 eo
383 3700 519 3782 exponit
540 3697 595 3763 lib.
610 3698 652 3766 V.
675 3721 705 3782 p.
721 3701 772 3764 23.
803 3698 902 3764 Thilo
919 3719 996 3762 vero
1013 3697 1056 3762 ad
1070 3703 1198 3762 textum
1214 3698 1346 3764 Birchii

142 3808 448 3892 Vindobonensem,
477 3831 574 3893 quem
597 3811 747 3893 repetiit,
775 3810 927 3891 inprimis
949 3809 1174 3874 Parisiensem
1196 3809 1346 3875 codicem

142 3942 230 3984 num.
244 3923 332 3985 1019.
348 3921 503 4002 contulit3
526 3921 663 3986 alterius
680 3920 805 3986 codicis
820 3920 1031 4003 Parisiensis,
1044 3942 1131 3985 num.
1149 3923 1250 4001 1331.
1266 3943 1346 4004 pau·

143 4031 292 4096 cissimas
323 4030 482 4096 lectiones
511 4032 632 4097 attulit.
677 4031 710 4096 N
718 4053 759 4097 os
787 4033 933 4115 quinque
962 4032 1130 4097 codicibus
1158 4032 1208 4097 usi
1231 4054 1346 4098 sumus

143 4142 177 4206 in
200 4142 263 4206 hac
286 4140 447 4206 relatione
471 4143 606 4208 edenda.
652 4142 738 4208 Sunt
761 4147 872 4207 autem
895 4143 942 4207 hi:

200 4275 222 4318 a
249 4254 269 4317 i.
286 4274 312 4317 e.
334 4253 603 4319 Vindobonensis
625 4253 753 4320 Birchii
777 4261 810 4319 et
833 4255 992 4335 'Philonis
1016 4254 1054 4320 de
1079 4276 1144 4337 quo
1168 4253 1265 4320 modo
1290 4276 1345 4320 ex·

251 4365 436 4447 plicuimus.
