2962 4912
545 306 653 358 GESTA
673 304 800 357 PILATI.
825 303 896 354 XVI.
1260 308 1323 372 383

120 468 259 524 ruerunt
287 460 321 523 in
348 465 487 539 terram,
520 466 552 523 ot
581 459 812 523 ieiunaverunt
837 477 943 540 usque
972 456 1014 521 ad
1048 457 1163 522 horam
1193 479 1322 525 nonam.

120 562 167 627 Et
193 571 395 645 rogaverunt
422 584 477 627 eos
501 560 623 644 Ioseph
652 569 685 627 et
707 559 909 625 Nicodamus
932 559 1094 624 dicentes:
1127 560 1260 644 Surgite
1290 569 1324 628 et

120 672 208 731 state
232 687 331 748 super
353 664 454 748 pedes
477 672 613 743 vestros,
637 671 671 729 et
693 670 825 746 gustate
848 684 969 746 panem
992 670 1024 728 et
1048 663 1233 730 confortate
1253 667 1323 730 ani-

120 790 191 835 mas
215 775 357 849 vestras,
387 770 543 852 quoniam
570 768 717 833 crastina
745 767 797 832 die
824 766 1001 833 sabbatum
1023 766 1145 832 domini
1174 775 1233 835 est.
1277 771 1324 834 Et

120 877 335 936 surrexerunt
364 879 397 936 et
425 878 625 953 rogaverunt
648 870 830 950 dominum,
860 877 893 935 et
915 868 1198 937 manducaverunt
1220 877 1255 937 et
1275 872 1323 937 bi·

120 977 248 1056 berunt,
272 985 305 1041 et
328 977 480 1042 abierunt
504 976 732 1059 unusquisque
756 977 790 1039 in
814 974 945 1040 domum
968 996 1072 1042 suam.

207 1100 355 1167 Sabbato
378 1106 489 1165 autem
512 1099 670 1164 sederunt
685 1097 845 1163 didascali
868 1107 901 1163 et
916 1098 1067 1164 doctores
1090 1102 1323 1183 conquirentes

120 1202 325 1269 adinvicem
349 1208 382 1266 et
405 1200 569 1290 dicentes:
602 1199 697 1285 Quae
721 1206 772 1264 est
794 1199 967 1264 iracundia
989 1201 1072 1266 haec
1095 1222 1181 1284 quae
1210 1223 1324 1285 super·

120 1306 211 1371 venit
241 1304 361 1371 nobis?
406 1306 485 1387 quia
516 1305 666 1370 novimus
698 1311 828 1387 patrem
859 1310 892 1369 et
922 1311 1063 1370 matrem
1096 1306 1176 1370 eius.
1227 1306 1324 1373 Dixit
1429 1355 1432 1368 .

120 1406 202 1472 Levi
233 1407 440 1472 didascalus:
477 1406 639 1471 Parentes
672 1407 742 1471 eius
776 1407 851 1469 novi
889 1407 1044 1472 timentes
1075 1407 1173 1472 deum
1211 1414 1244 1473 et
1280 1409 1323 1474 ab

120 1512 269 1577 oratione
296 1533 466 1594 nunquam
494 1511 701 1575 discedentes
730 1516 764 1574 et
786 1509 930 1575 decimas
956 1518 1007 1575 ter
1029 1511 1064 1574 in
1087 1532 1173 1576 anno
1196 1512 1323 1578 dantes.

120 1612 166 1676 nt
188 1612 321 1695 quando
349 1618 448 1677 natus
478 1619 528 1675 est
551 1611 662 1691 IesuS,
690 1610 883 1676 levaverunt
911 1631 985 1674 eum
1012 1619 1167 1694 parentes
1195 1613 1266 1677 eius
1288 1613 1323 1676 in

122 1713 193 1778 loco
226 1714 291 1777 isto
323 1720 357 1778 et
388 1712 552 1778 sacrificia
583 1719 617 1777 et
646 1711 841 1777 holocausta
869 1711 1029 1776 dederunt
1057 1713 1126 1777 deo.
1170 1711 1260 1778 Nam
1290 1719 1324 1778 et

122 1816 228 1880 maior
259 1816 448 1880 didascalus
480 1815 613 1881 Simeon
650 1814 728 1880 tulit
762 1837 835 1880 eum
867 1816 901 1879 in
932 1814 1071 1880 brachia
1102 1838 1163 1881 sua
1194 1816 1322 1881 dicens:

122 1915 221 1981 Nunc
244 1917 384 1982 dimittis
408 1939 537 1982 servum
560 1922 667 1998 tuum,
695 1917 838 1995 domine,
867 1917 1045 1981 secundum
1067 1917 1202 1982 verbum
1229 1925 1323 1982 tuum

120 2021 156 2084 in
179 2042 277 2103 pace:
307 2022 386 2105 quia
409 2021 562 2087 viderunt
584 2021 670 2085 oculi
693 2022 757 2085 mei
781 2021 928 2086 salutare
950 2028 1057 2102 tuum,
1086 2022 1174 2105 quod
1196 2023 1323 2105 parasti

120 2129 199 2188 ante
228 2124 347 2189 faciem
376 2125 520 2189 omnium
549 2123 757 2207 populorum,
785 2123 895 2188 lumen
918 2124 961 2189 ad
989 2124 1224 2190 revelationem
1246 2147 1322 2209 gen-

120 2227 206 2290 tium
238 2234 271 2291 et
304 2227 442 2309 gloriam
479 2226 584 2310 plebis
616 2234 694 2291 tuae
725 2226 843 2291 Israel.
896 2227 942 2291 Et
978 2227 1145 2293 benedixit
1176 2227 1322 2294 Mariam

120 2511 223 2547 emam,
261 2499 300 2547 Et
317 2501 471 2562 rogaverant
489 2527 498 2536 ·
518 2497 594 2561 Sara.
613 2501 639 2545 et
655 2496 684 2559 (n
703 2496 757 2560 om)
775 2501 842 2545 etate
860 2522 870 2532 ·
887 2497 957 2547 eati.
976 2498 1072 2546 domini
1089 2497 1118 2560 (Β
1137 2496 1190 2560 om)
1213 2501 1251 2546 eet
1268 2527 1278 2537 -
1296 2498 1324 2546 io
1368 2545 1370 2551 ,

120 2584 187 2633 aon.
207 2599 278 2633 maen
301 2601 359 2633 cum
379 2601 409 2641 e,
432 2584 497 2633 item
522 2581 634 2646 (passim
659 2583 758 2632 leviter
777 2583 974 2647 differentibus)
996 2595 1029 2634 nc
1049 2619 1056 2634 .
1074 2619 1081 2632 .
1101 2572 1322 2634 n¹b⁰ed1³¹0m

120 2669 181 2718 laec
199 2672 283 2718 omnia
301 2670 431 2717 andnamt
450 2666 523 2730 (edpr
540 2664 692 2728 Audientee)
712 2668 845 2729 principer
866 2668 1023 2717 saceraotem
1041 2671 1066 2716 et
1083 2671 1162 2718 ceteri
1178 2669 1323 2717 eacerdotee

120 2752 195 2816 (edpr
217 2768 259 2802 om
283 2757 308 2801 et
331 2770 352 2801 e.
373 2751 438 2815 eae.)
463 2756 488 2801 et
505 2751 626 2810 Levitae,
653 2751 823 2817 obstupefacti
844 2756 904 2801 eant
924 2756 950 2801 et
972 2753 1051 2801 veluti
1067 2755 1162 2801 mortui
1178 2753 1324 2802 oeciderunt

120 2856 196 2903 uper
220 2839 265 2903 (o⁸
289 2841 327 2901 in)
346 2841 435 2904 saeiee
457 2853 517 2887 eoae
539 2840 566 2887 in
587 2843 684 2887 terram
702 2839 765 2911 (iarn
784 2838 877 2888 stetim
896 2838 930 2888 ed
949 2854 980 2888 ea
999 2854 1067 2902 queo
1085 2839 1156 2889 iufra
1174 2846 1323 2904 sequuntur

120 2924 264 2991 pergitur).

191 3019 302 3068 Sabbata
321 3023 403 3067 autem
425 3017 453 3080 (Β
472 3032 529 3077 om;
553 3032 570 3068 n
588 3017 628 3066 Et
645 3017 728 3066 altero
746 3015 799 3078 die)
818 3017 901 3066 aeder.
921 3015 948 3079 (c
966 3020 1114 3081 conyreqati
1130 3021 1188 3066 Μ(
1204 3018 1232 3065 e'e
1249 3031 1322 3082 eyna-

120 3105 196 3171 9oqa)
215 3107 269 3155 did.
289 3110 315 3154 et
332 3106 399 3154 dcet.
424 3104 450 3166 (c
469 3120 511 3153 om
529 3105 555 3153 d.
576 3108 601 3153 et
618 3103 655 3161 d.)
675 3134 684 3143 -
703 3105 839 3152 iracundia
857 3103 884 3166 (c
903 3103 1058 3168 indiyeatio)
1078 3130 1086 3140 ·
1106 3107 1167 3169 qaia
1184 3104 1274 3152 aaa».
1294 3102 1323 3167 (a

121 3208 164 3256 qe.
184 3194 286 3252 oidim„
309 3206 391 3242 cnon
409 3189 505 3255 [nost]
524 3192 588 3239 enim
606 3190 711 3253 sonim.)
726 3207 755 3255 p.
776 3194 800 3239 et
818 3206 850 3240 m.
869 3192 923 3240 eice
941 3207 998 3240 cum
1018 3203 1070 3242 nnc
1090 3225 1119 3241 ..
1139 3180 1201 3242 Ι)1110
1220 3189 1281 3241 odpr
1298 3194 1324 3239 et

123 3277 296 3326 exclamantes
314 3277 348 3325 aa
371 3293 397 3324 ee
421 3274 494 3338 (edpr
511 3277 545 3323 ad
565 3275 681 3338 invicem)
699 3276 783 3325 dixer.
806 3274 873 3337 Quid
895 3280 932 3324 eet
955 3277 1001 3324 too
1023 3277 1121 3339 Quen
1139 3277 1203 3339 qaod
1219 3276 1323 3340 saetam

120 3367 159 3413 eet
176 3365 204 3413 ie
223 3365 362 3413 Ierusalem
381 3364 426 3424 (De
445 3365 470 3412 ie
489 3365 550 3421 Ier„
570 3362 632 3412 edl'r
649 3360 722 3425 om)?
745 3363 857 3412 mim
874 3361 949 3424 (edpt
966 3364 1057 3412 eam
1073 3361 1148 3425 esta)
1162 3378 1209 3426 pa.
1229 3365 1255 3412 et
1271 3376 1321 3410 ma.

121 3452 180 3500 lm
207 3448 211 3512 Ι
239 3450 301 3498 Die.
326 3447 354 3510 (Β
379 3448 432 3496 add
455 3446 548 3508 autem)
571 3447 635 3496 Levi
657 3448 713 3497 did.
739 3446 787 3509 (en
809 3448 862 3497 add
886 3448 984 3497 doctor.
1004 3460 1019 3498 c
1042 3449 1094 3498 eie:
1128 3447 1237 3510 Quidam
1260 3449 1325 3512 quie

121 3536 212 3584 doctor
229 3534 293 3583 Levi
314 3536 413 3582 nomine
435 3534 547 3581 surrexit
570 3536 596 3582 et
613 3533 690 3594 dixit)
709 3533 834 3582 Parentes
851 3535 906 3582 etue
922 3534 981 3581 noui
1001 3533 1049 3596 (AB
1066 3534 1187 3598 novimas)
1206 3563 1216 3573 ·
1234 3534 1325 3583 emas

121 3619 167 3682 (Be
186 3618 330 3681 reddentes)
349 3647 359 3656 ·
378 3617 488 3666 tevaoer.
508 3615 536 3678 (Β
554 3616 673 3675 ottaler„
692 3629 707 3667 c
726 3615 863 3679 addaces.)
881 3631 935 3666 eum
948 3631 1011 3679 par.
1031 3617 1084 3665 eiae
1102 3617 1131 3680 (Β
1148 3632 1191 3667 om
1205 3633 1236 3682 p.
1249 3616 1282 3680 e.)
1297 3619 1325 3667 ie

121 3705 177 3754 loeo
199 3706 249 3754 ieta
273 3704 300 3766 (c
324 3706 351 3754 ia
375 3701 502 3767 templum)
521 3733 531 3742 ·
549 3704 595 3752 deo
617 3703 647 3765 (a
664 3705 777 3763 domiso,
802 3705 881 3755 cdeo
899 3702 965 3766 Ier.)
984 3719 1043 3753 cum
1061 3717 1113 3756 asc
1133 3693 1244 3756 ..1³⁵bo
1263 3704 1325 3755 edl’r

120 3793 200 3842 Diait
218 3790 275 3854 (Β“0
295 3792 347 3842 add
365 3795 401 3854 et)
420 3792 522 3857 quidam
539 3791 631 3840 Levita
649 3790 723 3854 (odpr
735 3791 808 3855 Levi)
827 3792 885 3855 Ego
904 3792 1006 3856 eoqeovi
1025 3792 1090 3856 quod
1104 3795 1183 3856 pater
1200 3797 1225 3842 et
1242 3796 1325 3842 mater

121 3880 177 3929 eiu
194 3881 270 3926 erait
287 3875 346 3941 (pro
366 3878 407 3927 hie
426 3878 472 3928 Βιο
491 3877 553 3928 edpr
570 3893 641 3942 coqu.
660 3878 753 3927 multoe
770 3879 802 3927 de
820 3880 967 3942 manatione
984 3877 1043 3943 eoa)
1061 3883 1176 3929 timenter
1192 3880 1278 3938 deam,
1299 3885 1326 3930 et

121 3980 176 4014 Μ
199 3967 358 4015 orationibus
380 3980 476 4028 eeneper
498 3968 525 4015 in
548 3967 640 4030 templa
661 3967 759 4016 tectim
779 3970 805 4016 et
821 3966 969 4019 lanaeum
986 3966 1120 4034 offeram
1136 3968 1183 4016 deo
1201 3966 1296 4016 lsrael.
1319 3963 1323 4032 (
1412 4021 1414 4025 ,

123 4051 191 4100 Nae»
215 4055 240 4098 et
261 4051 345 4098 maior
367 4051 421 4098 did.
442 4050 542 4099 simeon
559 4081 569 4090 ·
587 4052 674 4100 dicem
696 4050 724 4111 (Β
742 4049 796 4100 add
817 4051 850 4099 ei.
888 4051 974 4102 esic:
999 4051 1136 4113 Aeantem
1154 4065 1249 4116 qaoque
1272 4064 1325 4099 mm

120 4153 205 4201 maye.
224 4137 280 4185 did.
301 4135 340 4184 Si.
360 4136 387 4184 in
411 4135 486 4184 ahias
509 4151 569 4185 euae
588 4137 729 4186 exclamas.
747 4135 813 4199 die.)
833 4171 862 4185 ..
881 4125 1198 4200 n⁸b⁰ed1²¹thmeo
1215 4138 1327 4199 eaeeepit

122 4238 176 4273 um
194 4238 299 4287 magnae
319 4221 392 4285 (edl'r
410 4223 526 4285 monae)
544 4224 664 4273 sacerdos
682 4223 745 4274 Sim.
764 4222 809 4284 (1)c
827 4222 880 4272 edd
898 4237 952 4271 eam
968 4223 1069 4272 oblatae
1086 4227 1124 4272 eet
1138 4237 1204 4288 puer
1221 4225 1249 4272 ie
1266 4227 1325 4273 am-

120 4310 202 4376 pam)
229 4314 316 4359 tenens
337 4326 391 4359 ema
414 4308 472 4371 (1)·ο
490 4309 552 4360 edpt
568 4310 606 4374 ie)
628 4311 744 4360 meone
765 4311 820 4361 die.
840 4310 875 4359 ad
892 4325 946 4359 eam
965 4307 971 4372 Ι
990 4321 1008 4359 Β
1026 4324 1068 4358 om
1086 4325 1136 4359 eea.
1154 4309 1223 4360 vert.
1242 4313 1325 4365 mm,-

122 4395 216 4445 1>⁰om
236 4393 328 4443 eadem
352 4410 436 4458 usqne
458 4395 542 4458 pletis
563 4399 622 4445 tace
640 4395 692 4444 Ier.
719 4392 724 4457 Ι
747 4394 786 4444 Iit
806 4394 893 4444 deind.
912 4393 1029 4443 Mariam
1046 4392 1075 4456 (Β
1092 4393 1156 4457 iae)
1173 4397 1280 4443 matrem
1297 4391 1326 4454 (Β
