2962 4912
590 341 864 393 rsonreosrrss.
1294 362 1332 408 Μ

149 492 338 580 potissimum
359 489 581 557 Nestorianos
608 492 808 556 auctoritate
836 489 986 555 habitum
1013 493 1071 574 sit,
1100 514 1181 575 prae
1212 497 1331 562 ceteris

148 603 314 687 exemplum
336 603 432 668 docet
455 603 685 685 episcoporum
706 601 919 685 Abulfaragii
943 608 976 668 et
1000 601 1187 669 Salomonis
1210 606 1331 674 Basso·

145 717 248 797 renus,
271 735 413 797 quorum
436 720 575 797 uterque
598 713 710 778 multis
733 715 804 778 eius
826 713 947 779 fabulis
970 736 1050 780 usus
1073 717 1166 798 estl).
1211 717 1330 801 Neque

144 830 248 896 nirum
271 832 323 892 est
346 848 366 891 a
389 825 483 908 Syris
503 825 717 897 Nestorianis
739 824 821 889 illud
843 827 1005 893 transisse
1028 828 1128 893 etiam
1151 830 1193 894 ad
1208 829 1355 896 Nesto.

142 944 240 1008 nanos
256 938 509 1004 Malabarenses
532 944 567 1003 et
588 937 631 1002 ad
646 938 768 1002 Persas
779 939 815 1018 ¹).
858 937 1037 1021 Aegyptiis
1052 960 1139 1022 vero,
1161 941 1230 1008 sive
1244 941 1332 1007 Ara·

142 1052 223 1118 bibus
247 1051 317 1116 sive
341 1049 510 1133 Coptis³)‚
541 1050 608 1114 iam
631 1070 669 1113 eo
698 1070 900 1132 magnopere
927 1052 1220 1119 commendabatur
1241 1053 1330 1137 quod

140 1183 249 1245 magna
280 1162 468 1227 fabularum
495 1182 573 1243 pars
600 1166 751 1225 versatur
779 1161 814 1224 in
842 1161 1046 1227 celebrandis
1073 1163 1223 1250 Aegypti
1249 1165 1331 1230 locis

139 1296 169 1340 es
190 1274 313 1338 itinere
335 1292 450 1337 sacrae
472 1270 618 1336 familiae
641 1270 748 1336 claris.

212 1384 379 1449 Instituta
407 1388 517 1448 autern
545 1383 626 1448 haec
654 1383 805 1449 collectio
829 1384 1019 1466 evangelica
1039 1385 1169 1450 ridetur
1191 1388 1332 1453 maxime

137 1496 257 1562 adhoc
278 1501 318 1560 ut
336 1496 533 1578 quibusdam
555 1494 671 1560 diebus
694 1495 788 1560 festis
802 1495 933 1561 Mariae
948 1496 1098 1580 dicatis⁴)
1121 1498 1333 1565 adhiberetur

137 1607 295 1673 iusacria
318 1607 542 1672 conventibus.
587 1606 662 1691 Quo
685 1607 720 1672 in
742 1628 805 1671 usu
832 1607 908 1672 libri
931 1609 1042 1690 posita
1064 1608 1193 1673 videtur
1216 1631 1334 1676 caussa

138 1741 189 1785 cur
210 1717 386 1799 miracula,
411 1719 440 1783 si
460 1719 661 1801 paucissima
684 1719 852 1803 exceperis
876 1725 983 1802 (capp.
1003 1722 1055 1784 46.
1078 1723 1157 1803 lt),
1188 1721 1237 1786 ita
1258 1743 1333 1787 nar·

139 1836 246 1897 rantur
269 1835 309 1894 ut
330 1831 478 1895 animum
500 1829 579 1894 lesu
601 1831 710 1912 pueri,
738 1851 835 1912 quern
858 1829 1006 1896 Thomas
1028 1831 1112 1896 liber
1138 1833 1333 1898 iracundum

215 2108 238 2172 ¹)
259 2109 300 2159 Cf.
314 2111 415 2159 Assem.
428 2110 495 2159 bibl.
511 2111 608 2159 orient
622 2107 673 2158 111.
687 2114 764 2173 parte
776 2110 799 2163 1.
812 2127 839 2175 p.
852 2113 902 2161 309
915 2127 973 2176 sqq.
998 2112 1076 2175 Apud
1089 2112 1160 2163 Thil.
1171 2112 1234 2164 Cod.
1245 2129 1334 2178 apocr.

141 2212 190 2260 pap.
204 2193 305 2244 XXXII
324 2209 365 2257 sq.
402 2193 471 2243 Item
490 2194 526 2244 ct.
539 2193 622 2244 Heus.
636 2193 704 2243 Sikii
724 2200 803 2244 notas
822 2195 856 2244 ad
875 2211 932 2260 cap.
945 2197 969 2246 2.
989 2201 1017 2246 et
1034 2197 1061 2246 6.

215 2276 240 2342 ²)
260 2278 303 2329 Os.
324 2279 395 2327 Thil.
415 2280 435 2328 l.
455 2281 473 2328 l.
492 2295 518 2343 p.
537 2278 646 2327 XXXIV
666 2294 705 2343 sq.

215 2363 239 2429 ³)
259 2366 419 2430 Suspicatus
433 2370 475 2415 est
490 2367 531 2414 vir
549 2367 583 2415 cl.
596 2365 674 2415 Thilo
689 2364 755 2415 Ccd.
769 2381 859 2430 apocr.
872 2382 896 2430 p.
909 2366 1041 2433 XXXVII.
1055 2368 1136 2418 etiem
1149 2370 1178 2420 in
1191 2366 1335 2432 Coptorum

143 2453 250 2516 linguam
277 2450 441 2499 translatum
466 2464 524 2498 esse
547 2448 643 2498 librum
669 2454 798 2500 nostrum.
835 2448 888 2500 Sed
909 2450 937 2499 id
961 2450 1032 2499 haud
1051 2452 1195 2502 verisimile
1217 2456 1259 2502 est
1278 2468 1335 2503 eam

143 2540 215 2602 ipsam
234 2536 270 2585 cb
289 2551 411 2586 caussam
429 2535 501 2599 quod
521 2532 600 2598 Copti
618 2535 716 2584 librum
735 2535 841 2586 arabice
860 2537 950 2600 legere
972 2542 1110 2600 poteraut.
1148 2538 1242 2602 Neque
1265 2539 1334 2588 sehi-

144 2623 220 2673 dicum
239 2621 310 2670 illud
329 2622 509 2685 fragmentum
528 2635 545 2669 a
561 2620 648 2685 Zoega
667 2620 790 2685 Catalcg.
805 2622 904 2685 coptic.
918 2621 996 2672 codd.
1015 2638 1041 2686 p.
1053 2624 1113 2674 228.
1131 2623 1289 2681 indicatum,
1308 2625 1336 2673 in

144 2724 185 2773 quo
204 2706 325 2756 traditur
349 2707 472 2770 Mopsum
489 2705 640 2754 miraculum
658 2722 675 2755 a
692 2707 812 2769 Deipora
829 2708 932 2765 editura
956 2709 1015 2756 dam
1032 2708 1105 2758 idola
1122 2709 1149 2757 in
1166 2709 1259 2771 oppido
1277 2725 1335 2773 quc-

143 2797 191 2846 dcrs
215 2795 330 2844 mata
353 2809 385 2842 eo
407 2793 505 2843 abente
528 2794 670 2857 proruent
692 2798 716 2843 st
739 2796 766 2843 s'a
789 2795 903 2859 siparum
925 2795 1111 2865 denudum,
1138 2799 1211 2845 tarra
1228 2797 1337 2847 hiseeate

144 2882 290 2944 misisse
307 2879 419 2945 chyam
434 2879 563 2942 prodeunt
579 2879 681 2937 mmai,
700 2884 828 2942 appareat
845 2880 939 2943 napoli,
959 2896 990 2930 ex
1009 2880 1149 2945 evangelio
1166 2884 1259 2930 nostro
1272 2881 1336 2931 hau·

144 2973 204 3017 stum
222 2967 334 3016 ridetur
353 2966 400 3028 (cf.
419 2975 495 3028 capp.
509 2966 550 3014 10.
566 2966 611 3024 113
630 2963 924 3026 Ps.b1stth.XX111.):
949 2968 1057 3029 poterat
1076 2966 1146 3015 enim
1166 2964 1337 3016 hauddubie

145 3068 167 3101 er
185 3048 385 3114 antiquioribus
399 3048 515 3098 derivari
533 3048 665 3104 fontibus,
684 3049 799 3098 fortasse
816 3050 928 3112 graecis,
947 3048 1167 3112 quemadmodum
1179 3049 1338 3099 vaticinium

144 3139 236 3189 lesaiae
256 3148 285 3188 ec
304 3136 434 3205 Ieremias
454 3135 546 3186 eodem
565 3137 613 3185 illo
637 3136 765 3186 miraculo
789 3138 951 3200 completum
974 3151 1032 3186 csse
1055 3137 1107 3186 iam
1125 3136 1256 3186 Eusebius
1276 3136 1338 3198 (De-

144 3233 249 3277 monstr.
269 3240 364 3289 evang.
384 3224 429 3282 vl,
450 3226 490 3274 20.
509 3222 554 3282 IX,
573 3224 618 3287 2.),
636 3223 800 3274 Athanasius
820 3223 872 3285 (De
891 3224 995 3274 incarn.
1014 3224 1098 3274 serbi.
1116 3224 1189 3275 rom.
1205 3224 1227 3282 1,
1246 3240 1272 3288 p.
1285 3222 1337 3285 89.)

143 3315 236 3378 sliiqne
255 3312 456 3377 praedicarunt.

220 3398 245 3461 ⁴)
264 3398 305 3448 ad
324 3397 539 3463 cognoscendam
557 3398 691 3447 rationem
709 3398 801 3447 horum
820 3397 923 3447 dicrum
941 3399 1072 3448 festorum
1086 3398 1258 3448 orientalium
1271 3399 1340 3449 facit

143 3484 216 3534 iudex
236 3483 340 3533 dierum
364 3498 396 3532 ex
420 3483 474 3530 ritu
497 3483 602 3545 ccptico
626 3487 655 3531 et
673 3482 843 3546 abbyssinico
862 3482 963 3531 Mariae
982 3497 1114 3531 sacrorum
1134 3497 1211 3546 quem
1231 3498 1262 3532 ex
1281 3482 1339 3533 cod.

142 3585 183 3618 ms.
202 3569 360 3633 abbysinicc
383 3567 505 3617 exhibuit
524 3567 704 3617 Wauslebius.
741 3566 781 3616 Ct'.
800 3566 911 3616 Paulus:
937 3566 1092 3628 Sammlung
1110 3567 1157 3616 der
1174 3567 1337 3618 merlrwiird.

142 3654 234 3704 licisen
253 3655 283 3702 in
302 3651 356 3702 den
375 3651 471 3702 Oriant
489 3651 541 3700 111.
559 3668 584 3716 p.
598 3653 632 3701 80
651 3668 689 3715 sq.
725 3651 767 3700 lbi
787 3657 829 3701 cst
846 3652 919 3700 inter
936 3652 1002 3701 alia:
1023 3652 1082 3700 Deu
1100 3653 1142 3701 22.
1161 3653 1202 3702 23.
1221 3654 1262 3702 24.
1276 3652 1339 3718 May

141 3739 221 3789 Baria
238 3738 365 3788 Ankuuft
388 3738 418 3787 in
436 3735 636 3801 Obsragypsen.
673 3737 732 3786 Den
755 3739 796 3787 28.
813 3736 888 3795 duni,
911 3737 972 3785 weil
991 3737 1035 3786 bei
1053 3735 1100 3785 der
1118 3736 1203 3785 Maria
1222 3752 1339 3802 grossam

142 3827 222 3877 Durat
245 3824 332 3874 durch
357 3822 458 3873 Christi
481 3825 618 3874 Allmacht
642 3825 702 3874 eine
726 3823 821 3882 Quellc
848 3830 1046 3888 anteprungeu,
1074 3838 1126 3872 von
1149 3823 1264 3873 welches
1286 3824 1340 3873 alle

141 3912 280 3970 Xrauken,
305 3911 349 3962 die
367 3927 415 3960 ans
434 3910 576 3961 desselben
595 3910 756 3975 getrunkcn,
776 3909 878 3974 gesnnd
897 3908 1004 3958 worden
1023 3907 1094 3957 siud.
1131 3909 1192 3959 Dan
1211 3911 1253 3958 20.
1272 3910 1337 3960 dun.

142 3998 185 4048 dns
204 3998 270 4047 Fest
289 3997 338 4047 der
356 3997 501 4061 Erbauuug
518 3995 565 4046 des
584 3996 688 4046 Hsuscs
706 3995 799 4044 Merit.
837 3993 975 4043 Similibus
995 3993 1089 4043 diebus
1110 3994 1190 4043 lestis
1209 3994 1339 4045 destinati

143 4093 202 4136 sunt
221 4087 274 4135 dno
294 4096 431 4134 sermones
451 4082 555 4147 Cyriaci
574 4083 695 4146 episcopi
713 4082 908 4138 stenneusis,
928 4081 961 4130 de
980 4081 1076 4143 quibus
1096 4080 1162 4130 Silr.
1175 4081 1208 4129 de
1221 4080 1287 4145 Sacy
1306 4080 1340 4129 ad

143 4170 276 4221 Birchium
297 4169 403 4218 retulit.
440 4167 508 4216 Vide
526 4166 597 4230 apud
615 4166 724 4216 Thilon.
739 4165 805 4216 eod.
823 4181 914 4229 apocr.
927 4164 1049 4215 XXXIX:
1068 4164 1106 4212 Le
1119 4167 1233 4228 premier
1250 4165 1282 4212 de
1299 4181 1340 4214 cea

144 4257 203 4305 dese
221 4256 341 4305 discours
359 4268 376 4301 a
391 4268 458 4315 poss·
475 4251 542 4316 clq'et
553 4252 585 4300 ds
603 4251 714 4300 celeber
732 4251 756 4300 le
766 4253 831 4315 joser
848 4266 881 4299 ors
892 4251 919 4298 J.
935 4251 961 4300 0.
973 4251 1063 4315 casani
1080 4249 1248 4312 accompapae
1262 4250 1294 4298 da
1312 4250 1341 4298 la
1389 4309 1396 4323 ι

147 4338 172 4388 S.
186 4339 291 4403 Vierps,
309 4339 342 4386 de
359 4336 455 4401 Joreplr
472 4340 497 4384 et
514 4335 545 4384 de
565 4334 667 4385 salome
684 4337 739 4383 sort
755 4334 787 4382 de
804 4349 834 4382 aa
843 4333 917 4397 suita
934 4349 964 4382 ea
981 4334 1094 4399 prpte,
1112 4332 1225 4382 s’arrs‘ta
1242 4349 1272 4382 aa
1290 4332 1342 4383 lies

147 4426 233 4474 scmus
251 4430 305 4474 etc.

1031 4516 1128 4571 ’⁸⁶⁶2
