2962 4912
141 310 202 372 128
484 307 651 358 meroem
670 305 823 359 rossem.
848 274 924 358 oarss
942 307 998 357 xv.
1042 313 1049 355 ;

139 461 229 525 illud
250 466 387 544 tempus
411 482 478 543 quo
501 459 591 523 diem
618 458 721 539 obiit,
748 459 840 524 sicut
862 456 1076 522 destinatum
1102 462 1156 520 est
1181 454 1345 520 omnibus

138 565 350 629 hominibus.
394 561 555 629 Graviter
575 568 691 627 autem
712 561 779 627 hoc
799 561 919 626 morbo
941 559 1139 640 laborabat,
1165 578 1281 641 neque
1305 563 1346 622 ut

139 670 175 732 in
192 668 393 751 praesentia
409 672 649 750 aegrotaverat
664 686 816 748 unquam
834 684 854 728 a
869 664 1063 729 nativitatis
1075 683 1165 740 ¹suae
1183 670 1273 727 ortu.
1298 660 1349 726 Et

139 773 190 836 ita
207 777 300 835 certe
317 791 372 834 res
389 768 532 853 Iosephi
550 769 634 833 iusti
652 768 837 850 disponere
856 765 996 832 Christo
1014 765 1158 848 placuit.
1186 763 1347 848 Quadra·

140 874 238 957 ginta
255 873 361 956 (vixit)
384 893 494 937 annos
517 877 597 935 aute
619 871 745 935 initum
767 870 1040 935 matrimonium:
1062 869 1191 934 mansit
1214 866 1347 934 deinde

140 997 227 1041 uxor
251 976 315 1041 sub
340 975 452 1041 tutela
478 972 552 1040 eius
579 972 813 1057 quadraginta
837 978 873 1038 et
897 994 1018 1038 novem
1043 993 1169 1054 annos,
1202 970 1348 1055 (quibus

140 1078 287 1162 elapsis)
309 1084 446 1144 mortua
463 1083 525 1143 est.
558 1076 637 1142 Uno
659 1082 775 1142 autem
791 1081 1033 1159 postmortem
1050 1076 1126 1140 eius
1143 1096 1235 1140 anno
1254 1094 1351 1139 com·

138 1182 244 1246 missa
263 1181 333 1264 ipsi
349 1181 524 1264 (Iosepbo)
543 1185 596 1245 est
617 1186 728 1246 mater
748 1201 824 1245 mea
846 1180 950 1244 beata
970 1177 1085 1244 Maria
1107 1201 1128 1244 a
1149 1177 1348 1244 sacerdoti·

139 1284 215 1365 bus,
233 1290 272 1348 ut
289 1304 364 1348 eam
376 1283 570 1349 custodiret
585 1304 696 1367 usque
714 1282 757 1347 ad
768 1289 905 1366 tempus
918 1283 1128 1365 nuptiarum.
1152 1281 1350 1346 Biennium

139 1386 201 1452 illa
221 1387 257 1450 iu
278 1386 378 1453 domo
402 1388 477 1453 eius
500 1387 693 1452 consumsit
713 1385 824 1471 (nulla
846 1407 882 1451 re
906 1384 1158 1469 memorabile):
1179 1384 1349 1449 attentio

138 1491 422 1556 commorationis
445 1490 520 1555 eius
541 1510 632 1554 auno
655 1487 749 1571 apud
770 1488 976 1572 Iosephum‚
1003 1508 1085 1553 suae
1108 1508 1188 1552 vero
1215 1487 1349 1552 aetatis

139 1592 274 1658 decimo
292 1594 431 1677 quinto,
453 1593 592 1676 peperit
608 1613 660 1656 me
678 1592 714 1655 iu
732 1597 827 1657 terra
843 1591 1022 1674 mysteriO,
1047 1591 1141 1674 quod
1157 1610 1222 1655 nec
1239 1610 1351 1673 pene-

138 1703 231 1762 trare
249 1717 313 1762 nec
331 1717 454 1780 capere
471 1701 589 1779 potest
604 1695 677 1760 ulla
693 1703 863 1775 creatura,
887 1696 955 1760 nisi
974 1715 1037 1778 ego
1054 1700 1224 1777 paterque
1243 1713 1347 1758 meus

139 1807 175 1865 et
191 1802 336 1883 spiritus
354 1806 505 1882 sanctus,
524 1820 627 1864 unam
643 1820 777 1864 mecum
795 1800 1014 1864 constituens
1032 1798 1270 1881 essentiam⁸).

629 1985 749 2052 (larun
772 1986 854 2054 XV.

225 2123 315 2190 Tota
336 2126 456 2207 itaque
479 2129 575 2189 aetas
598 2126 707 2206 patris
730 2126 814 2206 mei,
841 2126 935 2190 senis
957 2124 1053 2190 illius
1074 2124 1176 2206 iusti,
1201 2128 1346 2187 centum

138 2227 293 2293 confecit
310 2234 345 2292 et
360 2226 523 2292 undecim
540 2248 661 2310 annos,
678 2229 728 2293 ita
739 2227 950 2293 decernente
960 2233 1060 2311 patre
1072 2247 1147 2292 meo
1160 2225 1345 2310 (caelesti).

138 2330 186 2394 Et
202 2330 276 2395 dies
294 2352 362 2413 quo
381 2329 538 2396 deseruit
554 2332 670 2396 anima
687 2352 812 2414 corpus
830 2333 905 2397 eius
923 2337 998 2396 erat
1014 2331 1203 2414 vigesimus
1222 2335 1345 2395 sextus

139 2433 268 2498 mensis
285 2431 380 2497 Abib
393 2435 426 2516 8).
460 2431 586 2515 Coepit
608 2434 701 2497 enim
721 2434 789 2498 iam
806 2455 928 2499 eurum
950 2434 1161 2518 exquisitum
1179 2430 1348 2516 splendo-

139 2555 210 2598 rem
235 2534 382 2618 perdere
410 2540 444 2600 et
469 2542 652 2618 argentum
677 2559 743 2602 usu
769 2537 895 2619 deteri,
928 2537 1148 2602 intellectum
1173 2536 1284 2600 innuo
1312 2541 1347 2600 et

140 2637 322 2702 scientiam
340 2640 425 2702 eius.
462 2635 586 2702 Cibum
604 2660 743 2722 quoque
760 2638 932 2705 fastidivit
949 2645 983 2703 et
999 2645 1130 2722 potum,
1148 2644 1255 2722 atque
1274 2657 1346 2703 ces·

140 2740 229 2805 eavit
243 2741 372 2823 peritia
388 2740 473 2805 artis
491 2739 629 2806 fabrilis
645 2741 816 2825 lignariae
835 2763 947 2826 neque
970 2743 1045 2807 eius
1067 2741 1174 2806 ullam
1191 2740 1342 2824 amplius

138 2843 310 2908 rationem
334 2842 467 2909 habuit.
514 2841 673 2928 Contigit
696 2845 805 2928 igitur
829 2845 942 2928 prima
966 2845 1044 2910 luce
1068 2845 1229 2927 vigesimi
1255 2845 1343 2909 sexti

139 2947 295 3030 (mensis)
305 2945 399 3011 Abib
418 2953 457 3012 ut
471 2948 630 3030 inquieta
646 2946 853 3013 redderetur
867 2949 983 3013 anima
993 2949 1087 3014 senis
1099 2947 1244 3031 Iosephi
1259 2948 1344 3012 iusti

209 3156 236 3216 2)
256 3155 399 3206 Sabidicus
419 3163 510 3207 textus
530 3158 583 3207 sic:
614 3157 688 3206 Haec
705 3162 742 3206 est
760 3174 855 3206 summa
872 3160 940 3206 virm
956 3158 1045 3207 dilecti
1059 3159 1147 3220 patris
1164 3158 1213 3207 mei
1229 3157 1345 3219 Iosephi.-

139 3258 219 3290 crmos
229 3242 361 3290 natusXL
369 3259 472 3292 urerer»
481 3244 563 3301 derit,
574 3260 628 3292 curn
638 3260 688 3307 qua
697 3245 762 3292 eicit
771 3244 845 3292 annis
852 3244 896 3292 IX
906 3242 1103 3309 (corrigendum
1114 3243 1223 3293 videtur
1230 3240 1344 3303 xum).

140 3328 204 3376 Post
216 3332 321 3376 moriem
333 3329 387 3377 eius
399 3345 491 3378 annum
503 3346 577 3378 unum
590 3328 640 3391 (ite
653 3329 753 3393 Zoegu,
771 3328 819 3378 sed
832 3329 974 3378 Dulcurier
986 3330 1052 3378 deus
1064 3329 1121 3392 aas)
1134 3330 1225 3378 viduus
1237 3330 1344 3386 massin

138 3411 235 3460 duobus
246 3417 328 3461 autem
340 3414 415 3462 amnis
428 3415 453 3462 im
465 3415 537 3463 domo
550 3415 604 3462 eius
615 3414 680 3462 eicit
691 3418 773 3462 mater
785 3430 839 3461 mea
852 3418 987 3478 antequam
1000 3415 1050 3476 ipsi
1062 3414 1166 3463 nuberet
1178 3414 1230 3477 (itu
1240 3415 1343 3479 Zoegs3

141 3497 283 3546 Dulsurier
291 3499 381 3560 depuis
393 3500 456 3562 qu'il
469 3500 530 3548 l'eut
543 3500 635 3548 elcisie
643 3514 711 3560 pour
723 3515 753 3548 sa
765 3499 926 3563 cempaqnel:
939 3501 1061 3564 siquidem
1072 3517 1088 3547 a
1101 3501 1278 3550 sacerdotibus
1290 3516 1345 3549 eam

139 3583 268 3631 custodire
284 3584 367 3632 iussus
383 3589 441 3633 erat
458 3601 534 3648 usque
552 3585 586 3632 od
599 3589 695 3648 tempus
706 3586 861 3646 nuptiarum.
885 3587 991 3650 Peperit
1009 3591 1091 3635 auum
1109 3603 1146 3634 me
1159 3587 1252 3636 Maria
1263 3590 1346 3635 macer

141 3683 196 3714 mea
214 3669 287 3718 initio
300 3671 362 3718 ansi
374 3670 446 3718 tertii
458 3687 506 3733 quo
517 3671 576 3734 suit
588 3670 615 3718 in
627 3670 698 3719 domo
712 3671 828 3734 Iosephi,
845 3687 911 3721 aneo
928 3673 1023 3721 aetatis
1033 3689 1095 3721 suae
1107 3673 1136 3721 X
1140 3673 1170 3721 V.
1199 3673 1295 3722 Gessit
1307 3689 1346 3721 me

141 3758 224 3802 enarer
235 3771 289 3801 mea
302 3755 328 3802 in
340 3755 461 3818 spelunca
475 3753 511 3816 (in
524 3755 659 3817 spelunca:
677 3757 716 3806 its
736 3761 764 3805 et
777 3757 863 3821 Zoegc
876 3763 903 3806 et
917 3758 1073 3818 Duleurier;
1093 3759 1270 3809 nihilomiuus
1285 3775 1345 3809 cum

142 3838 257 3888 Thilone
275 3845 340 3902 puto
359 3841 476 3905 mysterio
496 3839 638 3905 legendum
657 3855 723 3890 esee.
767 3840 839 3889 Illud
857 3857 936 3904 quum
956 3859 1010 3892 non
1027 3844 1151 3894 viduetur
1168 3844 1345 3895 tribuendum

95 3963 99 3971 .
143 3925 226 3973 errori
240 3927 418 3988 interpretum
432 3931 597 3984 nostrorum,
616 3942 647 3975 ex
661 3941 748 3976 errore
763 3925 842 3990 Copti
856 3943 913 3977 esse
927 3929 1131 3979 existimandum
1146 3931 1206 3980 erit.
1231 3930 1273 3978 De
1286 3945 1345 3994 spe·

142 4011 222 4059 lnuce
236 4012 270 4060 cf.
284 4026 364 4075 supra
380 4026 437 4076 cup.
450 4012 497 4074 7.),
511 4028 585 4075 quem
597 4028 642 4060 see
653 4013 784 4061 nominare
796 4012 857 4061 licei
869 4029 914 4061 mec
927 4030 1047 4076 quaerere
1060 4013 1216 4077 (Duleurier
1228 4014 1294 4079 qu'il
1307 4022 1346 4066 est

141 4094 252 4160 defendo
270 4097 302 4144 de
320 4095 429 4156 semler,
448 4102 473 4146 et
490 4093 552 4161 qa'il
571 4102 609 4146 est
621 4098 762 4160 impossible
774 4099 805 4147 de
818 4098 944 4161 trouver),
964 4116 1040 4163 neque
1053 4105 1091 4149 est
1107 4102 1132 4148 in
1146 4105 1201 4150 tola
1214 4104 1346 4152 creatione

141 4182 213 4230 bomo
226 4182 269 4244 qui
281 4198 335 4230 eom
347 4185 446 4232 moverit
454 4187 563 4245 praeter
574 4199 612 4232 me
624 4188 649 4232 et
657 4187 760 4247 patrem
771 4200 849 4233 meum
861 4189 886 4234 ei
898 4185 1014 4249 spiritum
1028 4191 1149 4234 sanctum.

212 4266 239 4326 3)
254 4267 345 4315 Sebid.
359 4272 425 4317 text.
440 4269 493 4318 sic:
521 4269 611 4318 Omnes
623 4274 705 4318 autem
718 4270 773 4318 dies
781 4271 868 4331 patris
879 4272 926 4318 mei
938 4270 1039 4332 Iosephi
1052 4271 1196 4320 benedictae
1208 4275 1346 4323 senectutis

142 4354 202 4399 met
218 4352 279 4400 ansi
293 4352 367 4411 cxl,
385 4356 519 4404 secundum
531 4354 686 4405 uoluntatem
695 4357 782 4419 patris
794 4358 842 4404 mei
855 4356 932 4419 (baec
945 4357 1026 4405 verbu
1039 4357 1173 4406 secudum
1186 4364 1229 4409 etc
1243 4359 1346 4410 Duleu·

144 4437 198 4486 rior
210 4452 269 4487 cnm
282 4454 356 4503 seqq.
370 4441 533 4507 coniungit).
557 4442 622 4490 Dies
632 4443 723 4491 mertis
734 4444 788 4492 des
799 4447 838 4492 est
849 4441 953 4491 XXVI.
966 4443 1057 4492 mensis
1068 4443 1151 4507 ΕΜ.
