2962 4912
137 262 199 326 168
417 262 651 314 evincendas
671 264 817 316 monna
836 266 1005 316 LATINUM.
1032 266 1065 318 V.

139 415 268 496 volate3
294 436 314 479 a
340 415 477 479 nemine
503 421 648 481 mortem
674 416 870 482 invenietis.
901 417 950 482 Et
970 417 1128 483 volantes
1152 422 1348 500 coeperunt

138 517 322 583 clamando
345 517 488 582 laudare
513 517 614 582 deum
637 519 922 601 omnipotentem.
953 518 1126 587 Videntes
1148 525 1268 585 autem
1289 519 1348 584 Iu-

136 622 217 688 daei
240 642 329 705 quae
352 621 446 687 facta
472 628 555 686 sunt
582 621 745 688 admirati
768 629 864 705 sunt,
892 629 927 688 et
951 622 1115 689 abierunt
1138 622 1346 688 nuntiantes

144 726 246 808 signa
262 746 350 808 quae
367 725 453 789 fecit
468 723 581 790 Iesus.

225 830 236 862 ¹
252 828 465 894 Pharisaeus
483 835 599 893 autem
612 831 671 912 qui
688 837 763 895 erat
779 851 856 895 curn
867 830 949 896 Iesu
967 830 1202 914 apprehendit
1212 849 1343 896 ramum

140 932 250 996 olivae
275 939 310 996 et
333 933 450 1015 coepit
472 932 623 1015 dirigere
646 931 778 997 fontem
802 953 903 1016 quem
929 933 1015 998 fecit
1035 932 1148 999 Iesus.
1185 929 1343 1015 Cumque

139 1034 203 1099 hoc
219 1033 367 1099 vidisset
383 1033 495 1115 Iesus,
516 1033 678 1099 turbatus
697 1035 785 1100 dixit
800 1035 844 1101 ad
862 1057 954 1101 eum:
987 1034 1168 1102 Sodomita
1185 1035 1294 1119 impie
1312 1041 1345 1099 et

139 1139 317 1218 nesciens,
341 1136 426 1220 quid
443 1145 477 1202 te
495 1138 746 1203 damnaverunt
762 1138 878 1204 fontes
898 1161 1024 1223 aquae,
1047 1140 1206 1206 facturae
1223 1135 1346 1203 meae?

136 1239 230 1304 Ecce
249 1241 341 1306 sicut
363 1241 467 1306 arbor
488 1240 587 1307 arida
601 1241 678 1322 fies,
705 1262 773 1307 non
791 1242 923 1308 habens
941 1243 1077 1308 radices
1093 1263 1158 1308 nec
1176 1241 1265 1307 folia
1281 1261 1346 1306 nec

137 1342 303 1408 fructum.
327 1342 376 1409 Et
389 1345 507 1409 statim
524 1344 698 1409 arefactus
711 1345 840 1409 cecidit
856 1345 891 1409 in
908 1351 1036 1410 terram
1053 1350 1089 1410 et
1102 1352 1265 1410 mortuus
1282 1351 1346 1409 est.

139 1447 313 1523 Parentes
330 1453 446 1512 autem
464 1447 539 1512 eius
551 1446 755 1512 detulerunt
772 1467 849 1512 eum
860 1455 1044 1530 mortuum,
1062 1453 1097 1513 et
1112 1446 1349 1531 increpabant

137 1549 271 1633 Ioseph
292 1550 463 1615 dicentes:
491 1549 584 1614 Ecce
603 1549 696 1633 quod
713 1550 799 1615 fecit
815 1550 907 1616 filius
924 1557 1022 1617 tuus:
1043 1551 1128 1617 doce
1147 1571 1226 1616 eum
1246 1569 1349 1615 orare

141 1659 176 1718 et
192 1675 262 1719 non
277 1653 532 1737 blasphemare.

139 1895 233 1947 Cabur
251 1896 283 1946 V.
320 1895 494 1956 QUOMODO
521 1895 621 1946 CIVES
641 1896 874 1948 CONTRISTATI
894 1897 985 1949 SUNT
1007 1896 1190 1949 ADVERSUS
1212 1896 1351 1948 losnrn

581 1981 649 2032 PRO
668 1982 789 2033 FACTIS
809 1983 899 2034 Insa.

226 2134 235 2166 ¹
252 2133 301 2198 Et
321 2138 402 2216 post
422 2153 553 2215 paucos
572 2134 646 2198 dies
664 2133 909 2199 deambulante
926 2133 1008 2199 Iesu
1033 2154 1109 2199 cum
1128 2133 1262 2218 Ioseph
1283 2155 1353 2235 pep

138 2235 257 2300 villam
270 2236 447 2301 concurrit
457 2234 499 2300 de
511 2235 707 2302 infantibus
719 2257 809 2301 unus
821 2243 856 2301 et
864 2236 1040 2319 percussit
1049 2236 1166 2301 Iesum
1180 2237 1217 2300 in
1229 2236 1350 2302 ulnae.

139 2337 241 2404 Iesus
259 2345 375 2404 autem
392 2339 480 2404 dixit
496 2338 540 2403 ad
557 2360 648 2403 eum:
681 2336 739 2404 Sic
756 2339 917 2424 perficias
933 2340 1001 2404 iter
1016 2345 1125 2404 tuum.
1159 2340 1208 2405 Et
1225 2340 1350 2404 statim

141 2442 269 2506 cecidit
284 2441 320 2506 in
338 2447 466 2506 terram
484 2447 519 2507 et
534 2449 691 2508 mortuus
709 2449 771 2507 est.
801 2441 879 2506 Illis
897 2448 1013 2507 autem
1022 2440 1226 2507 videntibus
1244 2442 1350 2507 mira·

138 2544 236 2624 bilia,
255 2543 491 2609 clamaverunt
507 2543 679 2608 dicentes:
704 2544 806 2609 Unde
825 2552 878 2610 est
894 2545 960 2610 iste
977 2542 1088 2628 puer?
1112 2544 1161 2610 Et
1176 2544 1349 2610 dixerunt

140 2646 183 2712 ad
204 2646 348 2730 Ioseph:
384 2645 466 2711 Non
488 2652 626 2729 oportet
649 2667 726 2711 esse
748 2646 930 2712 nobiscum
952 2648 1057 2712 talem
1077 2668 1238 2729 puerum.
1276 2645 1348 2711 Ille

139 2876 200 2924 bont
209 2889 329 2938 passeres
341 2873 474 2923 clamando
487 2889 518 2922 oe
531 2874 661 2923 laudando
675 2874 774 2923 leodem
783 2875 825 2923 dei
838 2875 1022 2937 canoipotestis.
1045 2874 1164 2924 Videstes
1176 2861 1264 2924 au‘tem
1274 2874 1394 2929 Iade:

139 2961 228 3010 mirati
240 2964 306 3016 aaut,
320 2963 345 3007 st
357 2959 474 3008 abierunt
487 2960 635 3008 undantes
647 2960 721 3023 siqua
733 2960 871 3024 quassasti
882 2961 962 3008 Iesus.

209 3048 234 3094 3.
263 3045 359 3107 eoepit.-
389 3045 416 3094 in
442 3044 534 3094 codice
566 3044 696 3109 scriptum
721 3051 763 3094 est
782 3047 918 3108 proecepit
942 3043 946 3109 Ι
972 3046 1098 3094 nesciens:
1127 3045 1156 3094 in
1182 3045 1282 3096 codice
1308 3052 1380 3099 enez

142 3133 264 3181 sordens.

208 3218 241 3267 In
254 3230 273 3266 n
287 3219 368 3280 ceput
380 3215 473 3264 xxlX.
493 3216 654 3280 inscriptum
673 3222 728 3266 est:
753 3217 794 3265 De
811 3216 919 3281 qaedam
932 3217 1072 3265 Phorisoeo
1091 3220 1191 3267 mortuo
1210 3217 1247 3266 aa
1264 3233 1368 3268 eoem

139 3303 212 3361 Iesu,
229 3307 311 3365 atque
330 3300 494 3364 (praemissis
513 3299 632 3373 Videntes
649 3305 731 3350 auum
744 3301 818 3349 Iudas*
836 3326 868 3336 -
879 3301 1046 3366 socialem,
1065 3316 1131 3365 quse
1149 3301 1184 3351 sd
1202 3307 1312 3367 partem
1325 3307 1358 3356 2.

138 3389 313 3450 contulimus)
333 3389 371 3438 sie
392 3388 488 3438 habet:
514 3389 652 3437 Phariaene
669 3404 728 3438 cero
746 3389 848 3452 quidam
869 3392 927 3437 erat
944 3405 998 3437 cam
1015 3389 1088 3447 Iesu,
1109 3389 1154 3453 qui
1174 3390 1360 3453 apprehendit·

138 3491 235 3527 samson
247 3475 332 3525 olivae
343 3479 369 3524 st
381 3474 448 3537 cepit
459 3473 684 3537 derivaresontem
697 3474 879 3537 qaemssesrat
890 3474 970 3522 Iesus.
997 3474 1103 3537 Cumque
1114 3475 1161 3522 boc
1179 3498 1189 3511 ·
1212 3473 1353 3527 Sodomita

139 3563 223 3625 impie,
236 3562 297 3625 qaid
309 3564 334 3610 te
342 3559 544 3621 dampnaverunt
548 3559 639 3623 sontes
650 3559 715 3607 mei?
732 3559 802 3607 Ecce
813 3574 878 3608 sane
889 3560 956 3608 aeut
968 3559 1047 3609 arbor
1058 3558 1151 3624 arefies
1161 3583 1171 3596 ·
1186 3561 1346 3626 nequesols'a

138 3649 329 3713 nequefruetas
346 3670 355 3681 ·
372 3645 411 3693 Es
418 3648 543 3708 parentes
554 3645 608 3693 eius
619 3643 766 3693 detuleram
777 3668 787 3681 ·
799 3645 868 3692 Ecce
880 3645 1016 3708 qaidseeit
1028 3648 1080 3694 etc.

207 3735 239 3790 V,
259 3734 283 3781 1.
311 3730 502 3795 Siepessses'ase
519 3730 556 3779 sic
574 3730 602 3779 in
616 3729 709 3780 codice
721 3743 753 3787 s,
771 3744 821 3779 nso
838 3730 919 3780 aliter
931 3744 959 3780 n.
983 3729 1062 3779 bocia
1075 3729 1191 3794 geminis
1206 3734 1263 3780 est:
1290 3732 1343 3783 Noa

138 3822 175 3867 sic
184 3819 254 3883 perf¹
269 3824 321 3867 etc.
346 3815 386 3864 Cf.
401 3831 494 3881 evang.
508 3816 600 3865 Thom.
614 3815 657 3864 Gr.
670 3817 692 3862 Α
705 3815 751 3873 IV,
771 3817 794 3864 1.
814 3821 841 3864 et
854 3816 876 3862 B
890 3814 936 3872 IV,
954 3817 977 3864 1.
1006 3811 1067 3864 Οὐκ
1085 3808 1341 3881 sinisterioribus)

138 3897 195 3970 reip
214 3895 285 3968 ὁὸὀμ
304 3915 369 3949 σου.
394 3902 436 3951 lte
482 3916 576 3966 evang.
590 3901 810 3951 Pseudo-Matth.
829 3914 886 3965 esp.
900 3900 1008 3950 xxlx.=
1034 3901 1092 3951 Nos
1108 3903 1344 3956 reversuram

138 3990 170 4038 de
188 3989 230 4037 oia
249 3993 302 4037 tua.
326 3989 408 4038 Nolui
422 3917 513 4038 ἕπῃ
525 3988 625 4038 inferre
639 3988 811 4052 negationem
824 3986 910 4036 invito
923 3991 1038 4050 utroque
1051 3986 1144 4036 codice
1159 4002 1244 4051 quum
1258 3990 1341 4040 oratic

139 4075 220 4124 etiam
234 4075 272 4123 sic
285 4088 391 4122 sensnm
405 4072 476 4123 baud
489 4075 611 4137 ineptum
625 4073 734 4123 babeat.

209 4159 274 4208 Filii
290 4163 373 4208 satem
390 4160 472 4208 nostri
489 4160 612 4209 immoti
624 4163 697 4208 sante
713 4159 753 4208 ita
771 4163 883 4222 uterque
897 4158 981 4207 codex
993 4155 1110 4207 Latinus
1127 4157 1222 4209 babet.
1247 4159 1342 4212 Eorum

139 4247 199 4296 loco
212 4251 325 4308 uterque
338 4245 407 4295 liber
420 4243 536 4294 Graecus
549 4247 597 4307 (cf.
611 4247 628 4293 l.
641 4245 685 4308 l.):
704 4237 742 4291 τὰ
754 4237 809 4308 γὰρ
821 4239 926 4291 ωαιὸῑα
939 4238 1028 4310 ἡμῶμ
1043 4238 1178 4308 deposci.

212 4330 241 4380 [n
253 4343 273 4380 1)
284 4331 349 4380 haec
363 4329 486 4387 historia,
499 4346 566 4395 quas
577 4334 659 4394 caput
671 4330 749 4379 XXX.
764 4330 857 4388 efficit,
871 4331 1002 4394 inscripta
1016 4333 1070 4380 est:
1090 4330 1131 4379 De
1140 4346 1223 4395 puero
1234 4332 1278 4395 qss‘
1284 4347 1342 4395 per·

136 4419 218 4466 emit
231 4416 313 4466 lesam
328 4418 406 4466 morti
422 4417 520 4467 tradito
538 4421 563 4466 et
575 4416 722 4480 quibusdam
734 4417 858 4466 coecitate
871 4416 1009 4480 percussis.
1034 4414 1123 4466 Prima
1141 4432 1205 4481 psrs
1225 4418 1269 4468 his
1286 4433 1341 4483 pes·
