2962 4912
563 327 674 378 66666
693 327 820 378 rmarr.
849 327 920 379 666.
1278 325 1340 392 386

139 480 295 564 cognovit
315 480 366 544 vir
389 479 593 562 sepulturam
615 479 686 544 eius
711 499 815 562 usque
838 478 873 543 in
894 486 1104 561 praesentem
1127 477 1223 543 diem.
1261 478 1346 544 Levi

137 582 235 648 rabbi
267 581 367 646 dixit:
406 581 495 667 Quid
527 589 578 646 est
609 580 696 664 quod
731 580 824 646 rabbi
857 579 992 647 Simeon
1024 581 1125 646 dixit:
1162 581 1250 647 Ecce
1282 583 1345 650 iste

137 686 228 751 iacet
252 684 288 749 in
314 685 444 769 ruinam
473 691 507 748 et
532 683 807 749 resurrectionem
835 683 1013 750 multorum
1040 686 1074 749 in
1103 683 1223 765 Israel,
1253 693 1286 751 66
1312 686 1347 750 in

139 788 272 871 signum
306 789 360 853 cui
394 785 662 854 contradicetur?
706 787 803 852 Isaac
836 786 932 853 rabbi
961 786 1061 852 dixit:
1097 786 1266 871 Scriptum
1297 795 1349 854 est

139 890 175 955 in
197 888 285 973 lege:
313 889 401 955 Ecce
426 909 485 972 ego
509 889 605 954 mitto
628 887 780 971 angelum
804 909 926 969 meum,
953 888 1011 971 qui
1033 888 1207 955 antecedat
1229 890 1348 956 faciem

139 999 235 1060 tuam
264 994 428 1060 custodire
457 1000 491 1058 te
519 993 668 1059 inomni
691 993 745 1058 via
771 992 870 1060 bona:
898 997 977 1077 quia
1004 1013 1123 1059 nomen
1151 993 1222 1060 eius
1249 992 1348 1061 attuli

140 1119 275 1167 novum.

230 1208 353 1274 4Τ666
380 1208 498 1274 Α6666
530 1214 564 1275 66
592 1207 736 1291 Caiphae
768 1207 939 1272 dixerunt:
977 1208 1083 1274 Recte
1111 1209 1242 1274 dixistis
1271 1212 1350 1294 quia

141 1313 225 1380 haec
257 1314 380 1396 scripta
411 1320 488 1378 sunt
516 1315 551 1378 in
577 1312 650 1396 lege
678 1312 802 1396 Moysi,
835 1313 914 1396 quia
941 1321 1082 1379 mortem
1109 1313 1226 1379 Enoch
1252 1335 1348 1380 nemo

142 1416 230 1482 vidit
266 1423 300 1482 66
337 1418 442 1481 sancti
480 1415 591 1498 Moysi
631 1417 834 1499 sepulturam
873 1437 969 1481 nemo
1006 1416 1196 1482 nominavit.
1252 1415 1349 1483 Iesus

144 1527 257 1587 autem
278 1521 414 1585 verbum
437 1520 529 1585 dedit
550 1520 669 1602 Pilato,
693 1526 727 1586 66
748 1520 891 1585 vidimus
914 1540 988 1585 eum
1011 1519 1172 1604 flagellari
1195 1528 1230 1586 et
1252 1529 1350 1604 sputa

145 1623 295 1705 accipere
323 1623 358 1686 in
385 1621 503 1686 faciem
532 1642 638 1703 suam,
668 1630 701 1687 et
728 1644 881 1688 coronam
910 1622 950 1688 de
979 1623 1082 1705 spinis
1110 1631 1293 1706 posuerunt
1319 1625 1350 1690 ei

145 1725 277 1806 milites,
301 1731 333 1789 66
357 1723 556 1789 sententiam
578 1725 706 1808 accepit
729 1747 749 1790 a
768 1724 894 1806 Pilat03
918 1730 952 1790 66
972 1723 1069 1790 modo
1092 1724 1267 1790 crucifixus
1291 1733 1351 1808 est,

147 1836 180 1895 66
204 1850 278 1894 eum
301 1828 377 1895 felle
400 1835 433 1894 et
455 1835 549 1895 66666
571 1836 782 1912 potaverunt,
809 1836 843 1894 et
865 1829 930 1895 duo
952 1828 1096 1895 latrones
1119 1851 1193 1894 cum
1217 1850 1255 1895 eo
1278 1852 1350 1895 cru-

147 1933 235 1999 cifixi
265 1941 356 2014 sunt,
385 1938 419 1998 66
440 1934 555 2000 166666
576 1933 663 1999 16666
686 1934 755 1998 eius
778 1933 960 2017 perforavit
981 1933 1154 2018 Longinus
1181 1932 1290 2014 miles3
1319 1942 1352 1999 66

148 2058 267 2121 corpus
300 2037 370 2103 eius
398 2037 578 2120 postulavit
608 2038 773 2120 pretiosus
804 2044 899 2121 pater
931 2044 1045 2105 noster
1072 2037 1209 2122 Ioseph,
1241 2046 1274 2104 et
1302 2060 1352 2104 re·

149 2141 310 2220 surrexit,
348 2146 382 2204 et
418 2141 503 2205 sicut
534 2139 649 2205 dicunt
679 2139 838 2207 didascali
874 2147 942 2207 tres
974 2140 1146 2206 viderunt
1162 2141 1272 2223 ipsum
1301 2161 1353 2206 as·

149 2247 316 2323 sumptum
338 2240 372 2304 in
396 2240 532 2306 coelum.
576 2241 623 2306 Et
644 2240 726 2305 Levi
748 2242 843 2306 rabbi
866 2250 917 2307 est
939 2242 1138 2308 testificatus
1161 2263 1246 2325 6666
1264 2242 1354 2307 dicta

149 2350 227 2410 eunt
250 2365 270 2408 a
292 2341 445 2409 Simeone
473 2344 600 2408 seniore
624 2344 779 2426 quoniam
807 2345 936 2427 positus
965 2350 1015 2409 666
1043 2345 1077 2408 16
1105 2347 1234 2409 ruinam
1263 2345 1353 2409 etin

154 2606 293 2663 6666666666,
312 2605 377 2654 item
396 2603 458 2653 edl'r
469 2620 548 2668 666666
566 2603 660 2668 lepino
677 2620 745 2654 66666
762 2603 857 2654 Heliae
871 2605 1023 2670 prophetae.
1040 2602 1145 2668 116666·-
1161 2602 1357 2668 Quaeaquoe

151 2691 203 2756 (its
222 2706 237 2744 c
256 2692 353 2741 omisso
373 2692 451 2756 qaodr
470 2706 488 2743 6
506 2688 552 2750 Ε6,
571 2703 588 2741 6
605 2689 683 2755 qaod)
702 2691 774 2742 6666.
795 2690 825 2753 (6
843 2692 897 2756 om)
916 2692 980 2743 aaa
1001 2692 1031 2755 (6
1049 2691 1102 2742 add
1120 2689 1235 2753 6666666)
1254 2693 1309 2741 die.
1326 2690 1357 2756 (6

150 2779 203 2827 6666
221 2776 322 2840 intulit)
340 2776 409 2825 Eece
427 2806 437 2818 ·
456 2777 647 2826 contradicetur
670 2791 728 2825 cum
747 2788 799 2828 666
824 2811 857 2826 ..
880 2777 978 2841 reliqui
1003 2792 1044 2826 om
1072 2775 1076 2839 Ι
1102 2777 1180 2826 Ι6666
1198 2807 1208 2816 -
1226 2773 1294 2826 Ε666
1311 2792 1356 2841 666

152 2862 198 2927 (66
217 2861 273 2925 om)
292 2892 302 2902 -
320 2866 364 2928 qai
381 2863 517 2912 6666666666
534 2861 593 2926 (pro
612 2862 655 2911 hie
678 2875 712 2913 66
737 2862 808 2926 aaa)
826 2864 888 2928 see.
908 2867 945 2913 66.
965 2863 1094 2913 6666666666
1116 2867 1141 2912 66
1165 2861 1194 2924 (6
1211 2862 1266 2926 om)
1285 2862 1311 2911 ia
1330 2878 1355 2913 6.

152 2967 175 3000 6.
195 2949 217 2998 6.
239 2949 268 3012 (6
286 2952 330 3014 qui
347 2950 477 3000 6666666666
493 2965 577 2999 omma
593 2950 649 2999 aios
667 2950 759 3007 bonan
781 2964 796 3002 6
815 2953 859 3014 666
871 2951 1045 3013 praeparabit
1061 2951 1128 2999 aiam
1145 2952 1215 2999 66666
1233 2955 1294 2999 oete
1311 2949 1356 3013 66),

153 3038 214 3103 qaia
232 3036 261 3098 (6
273 3035 309 3099 66)
327 3052 392 3085 som.
406 3037 460 3086 6666
478 3035 557 3086 attali
574 3035 603 3098 (6
621 3035 722 3098 attulit)
740 3052 829 3086 666666
848 3036 875 3099 (6
894 3052 936 3087 om
955 3038 1016 3101 6666
1033 3052 1088 3100 666.
1107 3040 1206 3098 mrum)
1227 3051 1285 3085 eum
1306 3047 1357 3088 666

154 3156 184 3171 ..
203 3122 302 3185 reliqui
321 3134 362 3169 cm

240 3218 265 3265 4.
291 3215 359 3264 11666
370 3217 462 3263 Annae
480 3214 528 3280 (66
540 3213 627 3276 Aaou)
646 3219 672 3264 66
689 3245 699 3254 -
718 3215 804 3280 Moysi
821 3214 849 3279 (6
859 3213 915 3277 bm)
935 3215 995 3279 qaia
1011 3218 1116 3264 66666666
1133 3211 1222 3264 Enoch
1241 3214 1270 3277 (6
1281 3219 1357 3264 morl.

152 3300 244 3362 Elios,
263 3315 297 3353 66
315 3299 405 3351 Enoch
423 3303 521 3352 omisso
539 3302 626 3364 mort.)
645 3333 654 3342 -
673 3303 758 3368 Moysi
776 3302 827 3364 (ita
845 3317 875 3357 6;
893 3315 927 3354 66
944 3299 1033 3364 Elios)
1052 3302 1210 3365 6666666666
1229 3302 1275 3365 (66
1293 3319 1358 3352 mor·

152 3387 214 3451 6666)
232 3404 303 3437 mmo
320 3389 461 3437 mmioeoit
479 3386 507 3450 (6
522 3389 636 3452 synerii)
656 3404 714 3438 cum
727 3400 780 3439 666
799 3421 825 3438 ..
844 3387 941 3451 reliqui
960 3402 1002 3435 om
1018 3390 1023 3447 (
1039 3387 1112 3437 16666
1123 3391 1207 3436 autem
1226 3403 1284 3438 cnm
1297 3377 1359 3437 1>⁸¹¹⁰

153 3473 218 3524 edpr
237 3508 266 3523 ..
286 3487 320 3525 66
338 3474 405 3522 amn
424 3473 496 3523 16666
514 3508 541 3523 ..
560 3475 663 3524 6166666
677 3473 681 3536 Ι
696 3474 765 3523 6666.
779 3474 851 3522 dedit
867 3473 965 3531 Pilato,
984 3477 1009 3522 66
1027 3471 1056 3535 (6
1074 3473 1127 3522 edd
1146 3476 1216 3538 quio.
1254 3474 1312 3523 Η66
1331 3479 1360 3524 66

153 3574 230 3622 6666.
242 3560 302 3622 quio
315 3560 424 3623 propius
438 3559 472 3607 ad
486 3574 581 3623 graeca
594 3564 687 3608 nostre
699 3557 845 3621 accedunt)
859 3558 966 3607 vidimus
982 3574 1036 3607 eam
1046 3558 1115 3623 stop.
1126 3563 1152 3607 et
1163 3563 1240 3628 epate
1253 3557 1283 3621 (6
1295 3558 1359 3621 666)

152 3642 430 3706 comperfectum
449 3643 478 3702 (6
496 3643 523 3690 ie
533 3644 594 3707 soe.
608 3643 662 3691 6666
679 3643 796 3703 sanari),
816 3646 841 3691 66
858 3671 868 3681 ·
886 3642 910 3690 66
927 3641 1022 3691 militer
1039 3642 1068 3704 (6
1083 3642 1136 3691 add
1154 3641 1290 3705 incapite)
1308 3673 1318 3683 -
1336 3647 1362 3692 66

152 3728 229 3778 modo
249 3728 279 3789 (6
292 3728 363 3791 qaia)
382 3758 392 3768 -
410 3734 435 3778 66
453 3745 508 3779 eum
526 3729 556 3791 (6
568 3728 621 3792 om)
632 3729 703 3794 selle
720 3733 746 3779 66
764 3745 803 3778 ao.
814 3733 970 3790 potaverant
989 3729 1017 3792 (6
1030 3733 1139 3792 potatur
1156 3728 1204 3792 666)
1224 3734 1249 3779 66
1267 3730 1296 3791 (6
1308 3730 1360 3780 add

154 3811 229 3877 6666)
242 3814 291 3862 dae
310 3843 319 3853 -
337 3813 410 3862 miles
423 3814 450 3875 (6
464 3815 601 3878 hueusque
614 3816 667 3864 sie:
686 3817 829 3864 6666616666
840 3815 974 3880 6666676666
984 3814 1140 3880 flagellatae
1157 3819 1195 3864 666
1212 3818 1238 3863 66
1249 3815 1277 3862 ia
1289 3830 1361 3864 66666

149 3902 254 3964 poeitae
271 3918 326 3950 6666
343 3901 417 3950 duob.
433 3902 494 3951 aliis
513 3902 665 3962 6666666666,
684 3904 755 3952 euius
772 3905 848 3953 666666
867 3903 937 3952 lotar
952 3904 1084 3967 perforas.
1096 3902 1179 3966 Lonp.
1195 3900 1271 3963 aar),
1290 3906 1315 3950 66
1333 3899 1361 3963 (6

154 3985 209 4034 add
229 3985 301 4051 quia)
327 4004 418 4050 corpus
442 3987 469 4049 (6
487 4005 558 4053 corp.
579 3991 656 4039 etiam
678 3988 742 4050 6666)
761 3990 916 4053 -666666666
935 3988 963 4051 (6
982 4002 1037 4047 666;
1066 3986 1226 4050 adomim)
1251 4003 1298 4051 po.
1318 4003 1359 4036 66.

153 4070 209 4120 Ios.
231 4071 329 4133 (6166.
346 4090 394 4136 po.
414 4090 456 4122 oo.
476 4077 502 4122 et
524 4075 552 4123 in
574 4077 755 4123 monamtum
772 4072 883 4136 posuit),
910 4076 935 4122 66
954 4072 981 4133 (6
1000 4073 1081 4137 666666
1104 4072 1193 4123 Badd
1212 4073 1291 4120 tertia
1309 4070 1362 4135 6666)

152 4171 254 4206 resurr.
269 4157 295 4219 (6
308 4157 361 4206 add
374 4174 391 4206 6
402 4158 530 4220 mortuis),
549 4161 574 4206 66
590 4158 620 4219 (6
631 4157 701 4219 nom)
720 4157 785 4204 66666
802 4158 890 4206 diruat
909 4156 937 4220 (6
956 4172 998 4206 om
1017 4158 1063 4207 666.
1077 4158 1138 4215 dia,
1156 4172 1175 4210 6
1194 4172 1236 4206 om
1254 4159 1361 4207 tentum

152 4243 218 4305 dio.)
236 4245 291 4293 did.
313 4249 347 4293 tr.
367 4243 396 4306 (6
414 4244 467 4293 add
487 4245 539 4308 666)
562 4244 643 4292 vider.
663 4244 744 4305 ipsum
768 4242 814 4302 (66
832 4242 897 4304 arm)
922 4259 973 4292 666.
994 4242 1225 4306 (adscendentem)
1251 4243 1278 4292 ia
1297 4242 1360 4292 cee'l.

153 4343 215 4378 cum
234 4342 286 4381 666
307 4366 314 4380 .
336 4365 342 4379 .
362 4319 424 4382 „abc
443 4330 504 4380 edpr
523 4327 901 4391 6666666666(6611”66166)
920 4329 1024 4388 Pilato,
1038 4329 1207 4395 fiscellulas,
1226 4334 1363 4394 6666666666

152 4403 202 4478 (1)b
221 4415 360 4479 sputatus),
382 4417 463 4482 spinis
480 4418 625 4474 6666666666,
644 4413 789 4481 6666666666,
809 4413 899 4463 lancea
913 4429 1052 4479 pererrem
1069 4401 1142 4478 (1)abc
1161 4413 1230 4463 1666.
1245 4430 1318 4478 pero.
1339 4418 1365 4464 66

1088 4514 1144 4566 25·
