3000 4912
337 297 570 350 aramentum
588 298 779 349 lunantur
798 298 988 353 calmeta.
1019 297 1050 348 11.
1068 299 1113 349 LI.
1263 297 1325 362 207

125 442 259 531 Aleph,
288 450 453 532 magister
474 414 665 515 eumfflh
684 450 916 533 pronunciare
938 450 1052 515 iussit.
1098 447 1164 515 Oui
1187 470 1327 534 respon·

128 550 213 615 dens
232 550 391 618 dominus
408 553 524 634 Iesus,
546 552 615 617 Dic
638 552 738 636 mihi,
760 553 890 636 inquit,
913 554 1010 637 prius
1033 552 1326 637 significationem

125 653 265 720 litterae
285 651 418 739 Aleph,
442 661 476 721 et
496 663 569 721 tum
590 655 682 721 Beth
701 656 952 741 pronunciabo.
996 656 1067 722 Hic
1089 677 1165 721 cum
1187 654 1326 719 sublata

125 778 230 822 manu
251 778 329 823 eum
350 757 570 824 verberasset
585 759 766 842 magister,
790 759 975 825 confestim
993 779 1115 824 manus
1137 758 1248 840 ipsius
1271 776 1326 822 ex·

124 860 228 941 aruit,
246 865 281 924 et
296 867 453 926 mortuus
470 866 533 927 est.
564 861 664 927 Tunc
681 862 769 927 dixit
783 862 955 946 Iosephus
971 861 1075 927 herae
1092 860 1242 927 Mariae:
1265 859 1323 923 Ab

124 962 191 1029 hoc
207 970 362 1048 ternpore
380 986 450 1031 non
468 966 621 1031 sinemus
639 986 718 1031 eum
734 967 835 1032 domo
854 966 958 1047 exire,
982 966 1146 1050 quoniam
1163 963 1323 1047 quisquis

125 1067 194 1150 ipsi
210 1066 414 1134 adversatur
429 1075 539 1135 morte
559 1069 736 1153 plectitur.

632 1308 752 1376 Onrur
775 1310 816 1375 L.

209 1478 357 1544 Etcum
379 1479 492 1545 factus
514 1488 606 1546 esset
630 1501 801 1548 annorum
822 1481 1019 1562 duodecim,
1046 1481 1222 1546 duxerunt
1246 1501 1324 1546 eum

122 1582 402 1667 Hierosolymam
423 1582 466 1647 ad
483 1582 621 1648 festum.
657 1584 775 1650 Finito
792 1591 908 1651 autem
924 1584 1014 1649 festo
1030 1584 1099 1668 ipsi
1116 1583 1256 1667 quidem
1271 1604 1324 1649 re·

120 1690 314 1766 verterunt,
337 1684 399 1749 sed
416 1685 575 1751 dominus
592 1686 693 1753 Iesus
709 1689 877 1756 remansit
898 1687 1080 1771 intemplo
1097 1688 1191 1755 inter
1206 1688 1322 1753 docto·

123 1810 179 1855 res
202 1796 237 1855 et
253 1789 409 1855 seniores
431 1795 466 1855 et
482 1790 638 1856 eruditos
660 1812 701 1857 ex
718 1792 800 1858 filiis
816 1792 977 1874 Israelis,
999 1813 1086 1876 quos
1104 1789 1146 1855 de
1164 1791 1322 1856 scientiis

121 1894 217 1958 varia
236 1892 488 1977 interrogabat,
512 1900 546 1959 et
565 1896 719 1961 vicissim
742 1897 792 1961 eis
813 1895 1057 1979 respondebat.
1105 1893 1206 1958 Dixit
1228 1895 1321 1958 enim

123 1995 212 2061 illis:
236 1994 388 2061 Messias
405 1998 504 2062 cuius
521 2005 575 2062 est
589 1995 706 2063 filius?
742 1998 1014 2081 Responderunt
1029 1996 1098 2062 illi:
1122 1996 1236 2061 Filius
1253 1996 1323 2061 Da·

121 2097 220 2164 vidis.
261 2097 377 2182 Quare
404 2121 502 2183 ergo,
528 2101 658 2184 inquit,
684 2101 720 2165 in
746 2101 871 2183 spiritu
896 2107 996 2165 vocat
1020 2099 1119 2164 illum
1145 2099 1321 2165 dominum

122 2223 237 2284 sunm,
261 2223 339 2267 cnm
361 2201 460 2266 dicit:
492 2201 593 2268 Dixit
608 2203 768 2269 dominns
785 2203 926 2269 domino
947 2223 1038 2268 meo:
1069 2201 1160 2268 Sede
1182 2201 1226 2267 ad
1243 2201 1322 2267 dex·

119 2310 208 2370 tram
223 2326 345 2386 meam,
363 2312 402 2371 ut
416 2305 532 2373 hostes
549 2312 629 2373 tuos
644 2307 801 2391 vestigiis
817 2306 944 2392 pedum
961 2312 1099 2371 tuorum
1116 2303 1323 2370 subiiciam?

120 2405 255 2473 Rursus
282 2407 371 2473 dixit
400 2408 433 2472 ei
456 2409 619 2493 princeps
645 2409 842 2475 doctorum:
888 2409 1069 2493 Legistine
1094 2405 1227 2474 libros?
1273 2407 1321 2473 Et

119 2506 239 2590 libros,
256 2510 373 2593 inquit
389 2511 549 2578 dominus
565 2512 676 2594 Iesus,
694 2519 729 2580 et
745 2533 786 2578 ea
802 2533 892 2596 quae
908 2512 945 2577 in
961 2510 1063 2577 libris
1080 2513 1319 2590 continentur3
1398 2518 1402 2527 '

120 2618 154 2677 et
170 2612 355 2696 explicavit
365 2615 473 2681 libros
492 2622 527 2681 et
542 2616 654 2699 legem
672 2621 707 2681 et
718 2621 905 2700 praecepta
920 2619 1096 2679 etstatuta
1112 2621 1147 2680 et
1157 2615 1320 2699 mysteria

120 2735 208 2799 qnae
224 2715 262 2779 in
278 2716 378 2783 libris
394 2718 641 2802 prophetarum
656 2720 889 2799 continentur,
906 2738 962 2783 res
973 2738 1060 2801 quas
1077 2717 1209 2782 nullius
1226 2737 1320 2783 crea·

118 2823 215 2883 turae
233 2819 434 2886 intellectus
451 2822 661 2906 assequitur.
690 2820 792 2887 Dixit
808 2842 889 2905 ergo
907 2820 1029 2888 doctor
1047 2820 1123 2886 ille:
1147 2820 1223 2905 Ego
1241 2821 1319 2886 hac-

118 2924 221 2986 tenus
243 2922 348 2988 talem
370 2925 552 2990 scientiam
575 2944 639 2989 nec
662 2929 868 2990 consecutus
893 2945 968 2989 sum
993 2945 1058 2990 nec
1083 2923 1212 2995 audivk
1239 2925 1318 3007 quis

118 3024 269 3109 tandem,
285 3033 399 3110 putas,
416 3048 503 3111 puer
522 3029 587 3092 iste
607 3024 697 3093 erit?

616 3247 736 3314 Onrur
758 3247 818 3313 LI.

205 3418 361 3505 Cumque
385 3420 524 3487 adesset
547 3420 677 3486 ibidem
699 3418 945 3503 philosophus,
972 3419 1204 3485 astronomiae
1226 3419 1317 3501 peri-

119 3527 185 3604 tus,
201 3530 429 3606 rogassetque
442 3524 618 3589 dominum
634 3523 752 3589 Iesum
769 3545 850 3588 num
867 3522 1099 3588 astronomiae
1111 3520 1316 3603 studuisset,

119 3626 298 3709 respondit
314 3629 345 3691 ei
357 3627 516 3692 dominus
526 3627 628 3693 Iesus
645 3627 873 3711 exposuitque
891 3646 1071 3691 numerum
1088 3624 1314 3709 sphaerarum

120 3736 153 3794 et
178 3751 359 3814 corporum
384 3732 602 3815 caelestium,
635 3752 822 3814 eorumque
849 3737 992 3795 naturas
1021 3733 1056 3793 et
1081 3728 1313 3812 operationes,

120 3834 386 3917 oppositionem,
409 3841 588 3919 aspectum
609 3837 834 3918 triquetrum,
858 3834 1066 3916 quadratum
1088 3838 1124 3896 et
1145 3830 1313 3909 sextilem,

120 3956 257 4002 cursum
288 3938 458 4004 directum
489 3938 679 4004 eorundem
711 3943 747 4004 et
776 3937 1124 4021 retrogradationem,
1162 3933 1315 4017 seripula

119 4039 419 4125 scripulorumqne
450 4044 697 4127 sexagesimae,
728 4042 867 4125 aliaque
894 4061 982 4124 quae
1008 4041 1097 4106 ratio
1124 4062 1192 4107 non
1223 4059 1315 4106 asse·

120 4144 246 4225 quitur.

186 4354 230 4404 LI.
249 4371 348 4405 eurum
359 4357 498 4406 directam:
510 4357 549 4406 ita
561 4355 602 4405 Pl.
615 4371 662 4420 pro
671 4356 875 4420 propraetorem

186 4440 301 4505 scripulo
312 4457 362 4492 scr.
375 4443 556 4507 sexagesimos:
568 4442 608 4492 ita
621 4441 661 4491 Fl·
673 4456 722 4507 pro
735 4447 875 4506 omnpotens
885 4443 991 4508 denique
1004 4448 1029 4493 et
1036 4442 1297 4507 properaturarum
