3000 4912
155 301 218 365 190
337 300 571 352 avuncunlum
589 300 781 350 miraremur}
799 297 993 350 eumcum.
1026 297 1097 348 xlx.
1116 296 1171 347 XX.

154 457 264 518 matre
282 453 358 517 eius
375 457 411 517 et
425 451 462 516 in
478 470 532 516 me
550 450 667 531 effudi,
685 451 735 516 ita
750 454 900 534 purgata
916 470 991 513 sum
1008 468 1028 513 a
1044 448 1142 531 lepra
1157 467 1243 512 mea.
1266 446 1360 512 Tum

155 575 242 619 uxor
260 554 430 638 principis
447 554 599 618 surrexit
617 553 770 636 illosque
791 553 951 617 invitavit
972 557 1011 615 ut
1026 550 1180 634 hospitio
1198 570 1260 615 suo
1282 555 1359 615 ute·

154 665 290 740 rentur,
316 663 351 722 et
371 656 594 739 splendidum
610 655 763 740 Iosepho
786 655 979 721 convivium
1000 655 1036 718 in
1057 675 1181 738 magno
1203 653 1358 718 virorum

155 765 257 825 coetu
273 761 417 843 pararit.
445 759 596 825 Postera
610 780 690 824 vero
706 759 786 824 luce
804 779 929 841 aquam
946 757 1126 822 odoratam
1145 757 1270 821 sumsit
1287 778 1359 839 qua

154 863 460 929 ‹lominumIesum
477 862 647 944 ablueret,
665 868 701 926 ct
716 861 826 926 filium
843 882 954 943 suum,
972 881 1074 944 quem
1091 881 1209 925 secum
1225 881 1359 925 assum-

44 975 46 980 ’
155 972 262 1048 serat,
288 966 409 1031 eadem
435 966 562 1031 deinde
588 987 680 1049 aqua
703 964 875 1048 perfudit;
902 970 937 1029 et
962 964 1134 1046 extemplo
1160 962 1253 1028 filius
1280 963 1358 1028 eius

152 1069 340 1134 mundatus
358 1075 412 1133 est
427 1090 448 1133 a
463 1068 562 1152 lepra
578 1089 651 1133 sua.
691 1065 818 1134 Grates
835 1088 916 1150 ergo
939 1072 974 1132 et
990 1066 1112 1131 laudes
1130 1065 1195 1131 deo
1213 1086 1357 1148 canens,

152 1172 281 1253 Beata,
303 1171 434 1254 inquit,
456 1177 567 1235 mator
588 1190 677 1253 quae
699 1177 733 1235 te
750 1171 903 1253 peperit,
927 1169 1061 1235 olesu:
1082 1170 1178 1234 itane
1195 1168 1357 1235 homines

155 1275 310 1340 eiusdem
326 1281 440 1340 tecum
458 1280 604 1340 naturae
621 1274 812 1357 participes
829 1294 921 1356 aqua
937 1293 1006 1356 qua
1022 1293 1147 1355 corpus
1164 1278 1264 1336 tuum
1279 1293 1359 1355 per-

153 1377 269 1464 fusum
292 1383 346 1442 est
367 1373 536 1442 mundas?
565 1376 682 1460 Larga
697 1398 801 1460 porro
818 1397 963 1440 munera
982 1375 1142 1440 dominae
1160 1374 1265 1440 herae
1282 1374 1359 1440 Ma·

153 1481 225 1545 riae
244 1480 382 1561 obtulit,
404 1501 549 1563 eamque
567 1480 693 1545 eximio
710 1500 788 1544 cum
804 1478 936 1545 honore
954 1477 1096 1543 dimisit.

624 1647 745 1716 Onrur
772 1648 879 1714 XIX.

236 1786 297 1852 Aa
316 1787 420 1852 aliam
443 1787 570 1853 deinde
593 1786 713 1852 urbem
734 1788 978 1871 pervenientes
1003 1787 1039 1851 in
1065 1787 1128 1851 illa
1147 1792 1359 1870 pernectare

150 1891 346 1956 voluerunt.
381 1889 612 1956 Diverterunt
635 1891 746 1975 igitur
769 1890 813 1954 ad
837 1890 948 1955 virum
973 1891 1107 1955 recenti
1132 1891 1357 1956 matrimonio

152 1993 365 2074 devinctum,
391 1992 452 2058 sed
475 1993 536 2076 qui
555 1992 723 2058 veneficio
748 1999 865 2059 tactus
889 2015 996 2059 uxore
1018 1993 1088 2058 frui
1109 2015 1178 2059 non
1199 1999 1356 2077 poterat:

153 2115 300 2179 cumque
319 2116 360 2160 aa
376 2101 479 2161 nocte
499 2094 593 2179 apud
609 2096 723 2179 ipsum
740 2101 1022 2179 pernoctassent,
1045 2096 1198 2161 solutum
1215 2101 1270 2160 est
1285 2095 1358 2161 vin·

153 2199 269 2264 culum
290 2197 376 2262 eius.
408 2196 459 2262 At
480 2204 557 2263 orta
572 2199 650 2263 luce
669 2219 746 2263 cum
770 2199 814 2263 ad
830 2199 899 2264 iter
915 2220 991 2264 sese
1014 2200 1255 2282 accingerent,
1279 2220 1358 2282 pro·

152 2302 267 2366 hibuit
283 2321 343 2366 eos
360 2321 520 2384 sponsae,
537 2323 769 2386 magnumque
786 2302 859 2367 illis
877 2304 1070 2368 convivium
1086 2303 1277 2385 apparavit.

635 2486 757 2554 Oscor
780 2487 866 2553 XX.

234 2626 384 2691 Postero
411 2645 492 2708 ergo
519 2624 576 2690 die
600 2625 752 2709 profecti
778 2626 898 2691 etalii
924 2625 1003 2690 urbi
1027 2627 1355 2710 appropinquantes

36 2814 40 2821 .
150 2737 222 2795 tres
247 2728 410 2794 viderunt
434 2728 599 2793 mulieres
624 2749 645 2793 a
670 2727 869 2812 sepulcreto
895 2749 973 2793 cum
997 2727 1081 2794 fletu
1106 2729 1365 2813 procedentes·

151 2831 246 2916 Quas
265 2831 467 2913 conspicata
483 2830 624 2896 domina
639 2830 754 2897 Maria
770 2831 858 2896 dixit
873 2830 1013 2914 puellae
1031 2852 1120 2915 quae
1136 2834 1233 2915 ipsos
1251 2836 1355 2898 comi·

148 2934 304 3000 tabatur:
344 2931 481 3016 Quaere
503 2955 544 2999 ex
564 2934 637 3000 illis
659 2957 748 3018 quae
770 2936 817 3000 sit
839 2936 993 3018 ipsarum
1015 2934 1187 3017 conditio,
1211 2936 1353 3019 etquid

149 3039 236 3120 ipsis
253 3037 463 3102 calamitatis
484 3037 663 3102 acciderit.
701 3035 858 3121 Cumque
881 3059 902 3102 a
921 3039 1041 3122 puella
1062 3045 1205 3122 rogatae
1222 3047 1353 3122 essent,

149 3139 238 3204 nihil
254 3138 510 3222 respondentes
526 3140 679 3205 vicissim
700 3141 979 3225 interrogarunt:
1010 3141 1113 3208 Unde
1129 3164 1205 3224 vos,
1230 3150 1267 3208 et
1282 3165 1352 3227 quo

148 3240 319 3308 tenditis?
342 3242 411 3306 iam
437 3243 529 3308 enim
550 3244 735 3326 praeteriit
757 3243 833 3309 dies
859 3251 894 3309 et
918 3264 985 3309 nox
1010 3244 1153 3329 ingruit.
1184 3244 1260 3312 Nos
1284 3247 1354 3312 via-

149 3353 243 3412 tores
266 3367 400 3426 sumus,
423 3346 541 3429 inquit
561 3345 694 3430 puella,
717 3353 753 3413 et
769 3346 1005 3413 deversorium
1026 3348 1062 3412 in
1080 3369 1147 3431 quo
1169 3356 1353 3432 pernocte·

148 3471 223 3514 mus
245 3448 455 3532 quaerimus.
495 3446 673 3513 Dixerunt
694 3449 791 3515 illae:
827 3448 882 3514 Ite
907 3450 1089 3526 nobiscum
1112 3456 1148 3516 et
1168 3452 1263 3535 apud
1286 3474 1351 3519 nos

147 3557 363 3636 pernoctate.
410 3550 532 3618 Secuti
558 3572 640 3636 ergo
666 3552 745 3618 illas
772 3553 808 3618 in
830 3552 968 3618 domum
989 3574 1110 3618 novam
1133 3561 1291 3620 ornatam
1317 3561 1353 3621 et

147 3656 258 3720 multa
274 3654 495 3739 supellectile
512 3655 720 3721 instructam
736 3655 929 3721 introducti
946 3663 1038 3722 sunt.
1066 3657 1155 3722 Erat
1169 3678 1251 3723 vero
1267 3665 1353 3724 tem·

147 3781 214 3844 pus
236 3759 401 3840 hiemale,
428 3765 463 3823 et
482 3758 603 3842 puella
624 3759 787 3824 conclave
809 3759 994 3827 mulierum
1018 3761 1166 3825 istarum
1189 3763 1352 3845 ingressa

147 3884 268 3929 rursus
286 3883 344 3927 eas
361 3861 486 3926 flentes
503 3867 539 3926 et
554 3861 786 3938 lamentantes
804 3864 947 3928 invenit.
971 3861 1149 3929 Adstabat
1166 3866 1217 3930 eis
1234 3866 1350 3932 mulus

147 3970 349 4049 tegumento
366 3963 509 4029 attalico
526 3963 707 4046 instratus,
725 3966 781 4029 cui
793 3986 929 4032 sesama
944 3967 1203 4048 erantobiecta,
1221 3970 1349 4053 cuique

149 4069 268 4133 oscula
290 4066 421 4132 dabant
446 4072 481 4131 et
500 4065 668 4149 pabulum
694 4068 1016 4134 subministrabant.
1053 4068 1204 4136 Dicente
1231 4078 1349 4137 autem

147 4171 267 4255 puella
290 4171 372 4235 iste:
407 4167 501 4252 Quid
526 4169 577 4234 rei
603 4176 672 4251 est,
699 4191 717 4235 o
744 4169 905 4238 dominae
930 4193 1043 4254 meac,
1070 4173 1112 4237 de
1141 4173 1206 4238 hoc
1232 4173 1350 4241 mulo?

215 4346 270 4396 XX.
293 4345 360 4408 Quid
378 4345 417 4393 rei
434 4348 472 4392 est
490 4368 522 4379 ·-
540 4345 571 4392 de
589 4347 635 4395 tce
652 4347 734 4397 molo:
752 4349 792 4398 ita
810 4350 927 4399 correxit
940 4350 979 4398 ll.
1004 4349 1082 4414 Apud
1096 4350 1152 4400 Sir.
1170 4356 1199 4400 et
1212 4351 1283 4400 Thil.
1300 4367 1349 4416 per

147 4447 262 4484 errorem
274 4431 446 4481 manifestum
459 4431 503 4479 est
518 4425 600 4490 Quam
607 4431 724 4496 pulcher,
737 4449 752 4483 o
763 4433 880 4483 dominae
891 4450 967 4493 meae,
979 4434 1021 4484 lic
1032 4435 1115 4485 meac
1126 4439 1165 4485 eet
