2962 4912
411 301 612 353 DESCENSUS
633 301 774 351 CHRISTI
794 304 839 353 Αῐ)
860 302 1017 353 intrusos
1045 303 1067 352 1.
1274 304 1333 366 42]

138 459 269 520 centes:
316 453 430 518 Dicite
472 453 566 518 nobis
603 454 766 538 quomodo
810 453 999 519 surrexistis
1042 478 1062 519 a
1104 456 1259 538 mortuiS,
1305 461 1337 520 et

140 578 227 640 quae
262 563 339 621 sunt
374 556 457 622 haec
494 556 658 621 mirabilia
689 579 774 640 quae
810 557 901 623 facta
937 565 1014 623 sunt
1044 558 1250 642 temporibus
1281 581 1337 624 no·

140 659 230 740 stris,
263 658 374 741 qualia
404 679 574 740 nunquam
602 659 787 724 audivimus
818 660 996 743 aliquando
1024 661 1128 726 facta:
1162 661 1240 744 quia
1271 661 1336 726 iam

139 783 217 846 prae
248 781 371 844 pavore
399 760 641 843 obstupuerunt
668 763 778 827 omnia
801 783 877 829 ossa
900 768 1016 829 nostra
1044 767 1078 827 et
1104 768 1277 844 aruerunt,
1305 769 1338 828 et

138 873 231 931 terra
267 871 451 931 commovet
488 886 523 930 se
560 866 621 930 sub
658 866 797 948 pedibus
833 867 972 931 nostris:
1011 867 1218 933 adiunximus
1251 867 1337 932 enim

139 970 250 1036 omnia
280 976 418 1053 pectora
449 975 563 1035 nostra
593 976 631 1034 ut
662 969 904 1036 effunderemus
932 972 1126 1056 sanguinem
1154 972 1277 1038 iustum
1305 976 1337 1037 et

139 1078 299 1138 sanctum.

227 1210 350 1275 ΘΤιιηο
372 1211 524 1276 Karinus
547 1218 580 1276 et
600 1210 744 1276 Leuoius
767 1219 956 1277 annuerunt
977 1211 1025 1276 eis
1048 1213 1200 1278 manibus
1222 1218 1260 1277 ut
1281 1213 1337 1279 da-

138 1319 214 1380 rent
237 1314 284 1379 eis
306 1320 432 1380 tomum
457 1315 593 1380 chartae
621 1320 654 1379 et
681 1320 910 1381 atramentum.
954 1313 1030 1380 Hoc
1052 1321 1164 1381 autem
1187 1317 1338 1382 fecerunt

139 1420 220 1503 quia
246 1442 313 1485 non
341 1421 490 1503 permisit
520 1444 576 1486 oos
605 1421 739 1504 spiritus
767 1426 902 1485 sanctus
928 1420 1020 1503 loqui
1050 1443 1124 1486 oum
1151 1421 1226 1486 illis.
1271 1422 1336 1508 Qui

139 1523 256 1589 dantes
284 1525 331 1588 eis
357 1525 506 1606 singulas
530 1526 664 1590 chartas
687 1529 979 1608 sequestraverunt
1002 1547 1148 1590 seorsum
1171 1547 1272 1589 unum
1295 1524 1337 1589 ab

138 1623 205 1689 alio
234 1625 269 1688 in
292 1624 430 1707 singulis
456 1625 592 1690 cellulis,
636 1627 685 1689 At
707 1625 757 1690 illi
779 1624 891 1708 digitis
915 1627 982 1690 suis
1006 1627 1207 1708 signaculum
1230 1626 1337 1691 crucis

140 1728 264 1795 Christi
296 1728 475 1812 facientes,
512 1730 546 1794 in
579 1730 717 1812 singulis
754 1737 936 1813 cooperunt
972 1729 1116 1795 scribere
1152 1730 1268 1794 tomis:
1305 1735 1339 1794 et

140 1837 317 1915 postquam
347 1833 607 1914 compleverunt,
635 1832 731 1915 quasi
760 1853 800 1896 ex
827 1854 893 1896 uno
923 1853 980 1897 ore
1007 1854 1027 1897 a
1050 1831 1187 1915 singulis
1210 1831 1338 1896 cellulis

140 1933 408 1998 exclamaverunt
430 1933 549 1997 Amen.
594 1933 820 2015 Exsurgcntes
848 1954 926 1998 vero
948 1932 1099 1997 Karinus
1126 1932 1217 1998 dedit
1244 1933 1338 1997 ohar-

139 2038 208 2098 tam
237 2056 329 2098 suam
351 2034 471 2098 Annae
497 2039 530 2099 et
557 2033 702 2098 Leuoius
725 2032 887 2116 Caiphae,
919 2038 953 2098 et
983 2033 1167 2098 salutantes
1197 2032 1338 2098 invicem

141 2136 294 2201 exierunt
316 2142 349 2200 et
371 2137 492 2201 reversi
517 2144 594 2201 sunt
616 2135 658 2202 ad
681 2136 833 2219 sepulcra
854 2156 922 2200 sua

137 2483 204 2530 open·
222 2472 257 2527 et)
279 2470 419 2529 posuerunt
436 2492 445 2500 -
465 2465 544 2514 Helai
561 2465 613 2527 (its
642 2480 675 2525 ος
698 2480 715 2516 Δ
734 2464 811 2529 Eloy,
831 2477 847 2514 Β
868 2465 942 2530 Oloy)
961 2490 970 2499 ·
988 2465 1093 2514 Adonai
1116 2465 1167 2526 (ita
1185 2479 1213 2523 ος
1232 2476 1249 2514 Β
1269 2465 1337 2513 Ado·

140 2569 197 2617 noy,
217 2569 233 2603 Δ
253 2551 368 2619 Adennp)
387 2579 397 2589 ·
416 2552 558 2601 andivimus
578 2552 606 2614 (Β
625 2558 678 2612 om)
699 2550 763 2614 aliq.
780 2553 862 2614 stota
883 2551 913 2612 (Β
931 2550 984 2599 add
1001 2549 1071 2612 nant)
1091 2586 1120 2600 ..
1141 2553 1293 2601 evenerunt
1310 2550 1338 2597 in

139 2657 293 2705 npnapopom
316 2657 372 2689 cnm
395 2641 466 2703 ipsis.
506 2641 565 2687 Cam
589 2655 648 2702 erpo
673 2638 796 2687 vidissent
819 2654 862 2687 eon
880 2639 1014 2701 principes
1037 2638 1209 2694 merdotnnn,
1235 2638 1339 2685 ninnium

140 2726 287 2774 conturbati
305 2722 409 2788 [surit],
435 2729 459 2771 et
481 2729 576 2772 trenwr
601 2723 769 2787 apprehendit
792 2738 842 2771 eon.
881 2723 984 2770 Denmm
1003 2724 1080 2770 Anna
1097 2726 1121 2770 et
1141 2722 1251 2786 Caiphae
1269 2736 1338 2768 noee-

136 2816 231 2874 pernnt
249 2812 329 2860 lidron
351 2811 414 2873 lepis
431 2812 473 2859 dei
496 2814 520 2860 et
546 2827 601 2872 pos.
622 2811 648 2858 in
669 2810 762 2858 manib.
783 2827 834 2859 eor.
853 2814 878 2858 et
902 2810 988 2858 adinr-
1007 2825 1049 2858 eon
1069 2810 1181 2858 dicenter
1197 2810 1249 2858 Per
1265 2809 1338 2857 mm

140 2897 221 2946 Helui
238 2901 264 2945 et
279 2898 320 2944 de.
334 2897 395 2954 Ad„
409 2912 459 2958 per
478 2896 524 2958 lep.
543 2901 568 2943 et
584 2897 676 2958 proph.
696 2896 860 2944 coniurnmnn
877 2891 952 2958 [von]
972 2900 1000 2944 nt
1017 2895 1111 2943 dicatis
1128 2894 1200 2943 nobis
1217 2893 1337 2957 quomodo

140 2999 238 3033 rmrr.
258 3001 275 3030 a
298 2999 345 3031 mo.
365 2988 390 3032 et
411 2985 472 3031 haec
495 2982 627 3031 mirabilia
650 2999 691 3045 pn.
702 2983 750 3046 sa.
771 2986 829 3031 nunt
852 2983 892 3030 tis
911 2983 1010 3039 diebus,
1034 2981 1123 3044 qualia
1139 2996 1265 3043 nunqnam
1283 2982 1338 3028 nina

140 3074 198 3119 nant
216 3084 233 3115 n
251 3068 427 3116 constitutione
445 3067 538 3115 inundi.
564 3067 568 3126 Ι
593 3066 722 3130 quinium
744 3083 811 3129 prae
829 3101 859 3114 ..
880 3079 895 3116 c
913 3069 938 3114 et
956 3082 1001 3115 non
1018 3064 1133 3129 (corrigo
1151 3063 1231 3125 notin)
1246 3080 1312 3126 prae
1332 3060 1336 3128 Ι

140 3170 258 3204 common.
280 3171 306 3202 se
330 3171 387 3202 cum
407 3169 423 3204 n
448 3189 455 3202 .
475 3189 482 3203 .
506 3166 523 3202 Β
543 3157 666 3202 commota
683 3157 734 3211 ent,
759 3157 905 3202 cmooetnr
931 3150 935 3213 Ι
962 3153 1068 3200 adinnx.
1087 3152 1153 3198 enirn
1169 3175 1180 3186 ·
1197 3155 1225 3198 nt
1242 3151 1336 3217 offam

140 3258 201 3292 cum
218 3255 235 3292 Δ
255 3276 285 3290 ..
308 3254 324 3291 Β
343 3242 404 3304 quio
421 3242 554 3307 cffudinnnr
573 3277 579 3289 .
600 3277 606 3288 .
633 3255 648 3290 c
666 3245 691 3288 et
709 3240 823 3288 creditur
841 3240 904 3301 (sio)
922 3240 1046 3288 accidisse
1062 3241 1124 3286 naec
1142 3241 1260 3302 quoniam
1277 3239 1337 3304 effn-

139 3331 222 3379 dnnas
237 3331 241 3391 Ι
258 3330 315 3378 iusi.
334 3334 358 3377 ei
376 3345 415 3377 no.
436 3345 493 3377 cum
513 3341 548 3379 ΛΒ
569 3364 598 3378 ..
619 3343 634 3378 c
653 3332 807 3377 innocentem
825 3333 850 3377 at
867 3328 926 3376 irini.

226 3455 250 3501 8.
287 3453 401 3500 Korinur
419 3456 444 3499 et
461 3451 582 3500 Lerreius:
606 3455 637 3500 ut
656 3467 735 3515 snpra
757 3449 761 3513 Ι
782 3466 798 3501 u
816 3451 952 3498 innuerunt
971 3450 975 3512 Ι
996 3453 1087 3498 tomam
1104 3450 1209 3496 inorme
1228 3463 1285 3496 oum
1305 3461 1337 3498 sc

141 3577 171 3591 ..
198 3553 215 3590 Β
239 3543 341 3589 chartas
367 3543 371 3598 1
402 3539 452 3600 Qui
470 3565 479 3573 -
497 3540 562 3602 uinp.
588 3537 617 3599 (Β
636 3537 690 3599 oui)
712 3542 878 3602 nequissime
899 3553 973 3584 unum
996 3535 1025 3591 (Β
1047 3537 1163 3598 separati
1184 3539 1243 3583 nant
1263 3534 1337 3595 innon)

139 3656 150 3666 ·
168 3629 270 3677 cellulis
293 3644 351 3676 cum
375 3640 410 3679 ΛΒ
439 3662 445 3674 .
466 3663 472 3674 .
503 3641 517 3677 c
543 3628 679 3689 Postquam
703 3630 786 3674 antem
803 3626 927 3673 dederunt
944 3625 981 3672 ein
998 3625 1102 3671 charior
1119 3626 1144 3669 et
1161 3624 1338 3677 atramentum,

139 3714 281 3763 diviserunt
303 3729 345 3760 eos
368 3712 395 3759 in
416 3713 481 3775 einp.
501 3711 556 3758 reli.
573 3717 576 3771 Ι
593 3712 630 3758 At
648 3710 717 3758 illi·
740 3710 767 3757 in
791 3709 856 3772 einp.
874 3725 942 3771 coep.
960 3724 1011 3756 nor.
1031 3710 1088 3754 tom.
1114 3705 1142 3766 (Β
1161 3721 1202 3753 our
1226 3705 1253 3751 in
1270 3705 1336 3766 einp.

140 3799 214 3858 ton.)
233 3825 242 3834 ·
264 3801 340 3846 Amen
360 3813 417 3846 cum
436 3810 470 3847 ΑΒ
491 3833 519 3845 ..
540 3811 555 3846 c
577 3796 628 3857 Qui
646 3799 780 3859 antequam
798 3795 948 3858 incepissent
965 3793 1083 3849 scribere,
1103 3792 1249 3841 levaverant
1266 3791 1338 3840 ambo

139 3902 230 3934 manus
251 3886 357 3933 dextros
378 3887 404 3932 et
421 3885 543 3948 jecerunt
566 3882 724 3945 nipnaouinm
748 3881 843 3937 mein,
870 3884 895 3929 et
917 3886 976 3928 runc
998 3883 1131 3939 coeperunt
1154 3894 1202 3926 nrr.
1223 3878 1250 3925 in
1271 3878 1336 3939 einp.

140 3973 223 4022 nomn.
260 3971 357 4018 Finitis
378 3986 437 4019 vero
455 3969 592 4032 scripturis
610 3968 784 4015 clamaverant
802 3983 819 4013 n
836 3965 899 4028 einp.
918 3964 1003 4014 cellud.
1027 3965 1107 4011 Amen
1130 3961 1135 4015 Ι
1159 3964 1274 4011 Kar-inno
1292 3961 1337 4023 (do

141 4057 184 4105 his
208 4055 337 4104 nominib.
361 4054 422 4103 vide
446 4054 536 4116 supra)
565 4079 574 4087 -
603 4036 713 4113 caupone
736 4065 793 4099 cmn
816 4063 832 4100 Β
860 4085 867 4099 .
893 4086 898 4098 .
927 4063 961 4101 nc
988 4049 1053 4096 Kar.
1073 4054 1098 4095 et
1120 4048 1197 4095 Leno.
1215 4046 1338 4095 dederent

139 4145 296 4203 scripturam
321 4140 348 4199 (c
378 4156 512 4202 porrerer.
537 4141 641 4186 (durias
662 4136 733 4197 nias)
760 4140 850 4184 Annae
873 4139 897 4183 et
926 4135 953 4197 (n
976 4150 1016 4182 orn
1042 4137 1107 4181 Ann.
1131 4132 1167 4193 et)
1193 4132 1303 4194 caiphae
1333 4131 1337 4195 Ι

140 4233 166 4278 et
184 4230 212 4287 (c
231 4229 282 4291 ipsi
299 4227 369 4287 vero)
388 4228 466 4276 enini.
487 4228 562 4274 iunio.
588 4225 615 4287 (c
633 4224 740 4274 respiat.
762 4225 871 4272 Iudaeos
896 4221 901 4284 Ι
928 4223 1006 4271 anien.
1027 4225 1051 4270 et
1075 4221 1103 4281 (Β
1122 4221 1187 4269 hneo
1206 4219 1261 4281 om)
1283 4235 1336 4268 reo.

140 4321 200 4366 amr
218 4317 247 4378 (Β
264 4317 407 4377 redierunt)
432 4315 466 4363 ad
483 4315 603 4378 sepulcra
626 4314 654 4376 (Α
673 4312 841 4374 neprdturnm)
860 4328 907 4359 naa
925 4310 954 4372 (n
971 4309 1053 4371 enom)
1077 4343 1107 4358 ..
1132 4321 1147 4358 c
1171 4306 1339 4357 recensendo

140 4419 270 4469 Ψαθθθα
