2962 4912
364 301 697 353 PSBUDO·MA'PTHAEI
717 301 960 352 uvuncuuluu.
990 302 1064 352 CAP.
1085 303 1160 353 VIII.
1319 303 1360 365 69

172 461 203 520 et
217 451 333 517 solans
356 452 415 517 diu
438 475 501 536 per
521 453 642 535 templi
666 452 809 537 fastigia
828 453 952 537 petivit
969 453 1095 519 caelos.
1141 451 1264 517 ⁴Tunc
1285 455 1361 517 uni-

172 577 276 624 versus
294 555 448 638 populus
465 555 777 640 congratulabatur
795 557 870 620 seni
888 555 1060 622 dicentes:
1091 555 1225 620 Beatus
1246 556 1360 620 factus

176 667 250 727 estu
266 660 301 722 iu
314 664 496 723 senectute
513 665 585 740 tua,
602 667 641 723 ut
657 659 821 724 idoneum
839 666 872 723 tc
885 659 972 724 deus
992 658 1196 724 ostenderet
1211 658 1255 723 ad
1272 659 1361 723 acci·

175 762 320 851 piendam
336 761 495 826 Mariam.
522 761 608 827 Cum
625 769 742 827 autem
759 762 959 827 sacerdotes
977 762 1137 827 dicerent
1153 761 1200 825 ei:
1224 760 1359 844 Accipe

178 887 246 946 eam,
264 864 346 947 quia
362 886 403 928 ex
421 866 513 930 omni
531 865 625 929 tribu
636 864 727 929 Iuda
742 872 780 929 tu
798 865 893 929 solus
911 865 1044 930 electus
1063 886 1100 929 es
1117 864 1225 945 adeo,
1244 863 1361 946 coepit

178 971 303 1038 adorare
321 973 356 1033 et
366 989 488 1052 rogare
505 989 563 1032 eos
576 975 680 1051 atque
693 975 769 1032 cum
780 968 991 1032 verecundia
1001 968 1132 1032 dicere:
1158 964 1274 1031 Senex
1284 987 1360 1031 sum

180 1071 300 1142 etfilios
317 1070 441 1152 habeo,
459 1077 498 1135 ut
514 1070 599 1153 quid
615 1071 700 1134 mihi
719 1069 929 1134 infantulam
947 1070 1048 1134 istam
1066 1067 1230 1134 traditis?
1260 1067 1360 1133 Tunc

179 1173 332 1244 Abiathar
348 1195 501 1237 summus
517 1174 677 1256 pontifex
694 1173 795 1237 dixit:
827 1172 964 1237 Memor
981 1178 1067 1253 esto,
1085 1172 1224 1255 Ioseph,
1243 1192 1360 1254 quem·

181 1276 341 1347 admodum
357 1276 500 1341 Dathan
518 1283 553 1340 et
569 1274 706 1341 Abiron
724 1284 760 1341 et
777 1274 865 1341 Core
883 1277 1080 1358 perierunt,
1105 1276 1187 1357 quia
1203 1275 1360 1340 volunta-

182 1393 232 1450 tem
246 1380 373 1444 domini
392 1387 687 1463 contempserunt.
711 1379 768 1444 lta
784 1380 848 1444 tibi
870 1380 1008 1443 eveniet
1024 1380 1053 1442 si
1070 1378 1136 1442 hoc
1153 1377 1246 1461 quod
1262 1376 1358 1441 adeo

183 1487 298 1554 iubetur
316 1484 382 1548 tibi
406 1485 668 1565 contempseris.
708 1483 756 1546 Et
777 1482 865 1546 dixit
888 1483 921 1546 ei
942 1480 1087 1563 Ioseph:
1119 1480 1195 1563 Ego
1218 1479 1359 1562 quidem

184 1612 234 1657 uon
248 1595 429 1652 contemno
445 1586 660 1651 voluntatem
677 1585 744 1666 dei,
769 1584 831 1650 sed
848 1590 966 1649 custos
988 1585 1064 1649 eius
1082 1604 1152 1664 ero,
1176 1603 1358 1665 quousque

184 1696 231 1760 hoc
244 1690 282 1755 de
297 1689 477 1754 voluntate
496 1688 553 1753 dei
570 1690 734 1772 cognosci
751 1688 879 1771 possit,
902 1688 980 1770 quis
1004 1707 1080 1751 eam
1096 1686 1210 1768 possit
1230 1684 1358 1749 habere

185 1793 297 1863 exiliis
313 1794 400 1856 meis
419 1793 612 1875 coniugem.
634 1791 776 1856 Dentur
791 1791 931 1874 aliquae
950 1812 991 1855 ex
1007 1788 1189 1854 sodalibus
1206 1788 1282 1852 eius
1295 1788 1360 1850 vir·

186 1901 273 1985 girus,
298 1914 375 1958 cum
397 1895 524 1977 quibus
549 1895 690 1958 interim
712 1893 827 1976 degat.
872 1893 920 1956 Et
945 1892 1163 1976 respondens
1184 1890 1361 1956 Abiathar

185 1998 313 2085 pontifex
336 1997 438 2061 dixit:
469 1997 636 2080 Virgines
660 1997 800 2080 quidem
821 1995 864 2060 ad
887 1994 1050 2060 solatium
1073 1995 1149 2059 eius
1170 1993 1358 2075 dabuntur,

185 2121 337 2188 quousque
362 2098 437 2163 dies
461 2104 613 2163 statutus
635 2100 752 2163 veniat
778 2103 906 2181 inquo
932 2105 1067 2162 tusam
1092 2098 1262 2181 accipias;
1288 2117 1359 2159 non

185 2207 252 2272 enin
266 2202 395 2285 poterit
411 2199 472 2265 alii
489 2203 524 2264 in
541 2201 763 2265 matrimonio
782 2199 949 2283 copulari.

184 2411 366 2424 ,..-.---

183 2547 278 2611 textuit}
292 2561 328 2595 su
341 2553 367 2596 et
378 2549 423 2596 diu
435 2548 539 2597 evolans
555 2546 559 2611 Ι
581 2560 613 2595 cn
623 2562 672 2608 per
685 2547 772 2608 templi
785 2547 813 2605 (B
826 2545 1025 2611 om)footi9iom
1044 2543 1048 2610 Ι
1067 2557 1084 2593 Δ
1093 2550 1149 2606 pet.
1163 2545 1270 2607 denique
1282 2545 1358 2602 coel„

182 2635 269 2685 swelce
275 2634 356 2695 peciit

231 2741 252 2786 4.
269 2750 287 2785 ι)
299 2736 379 2784 manis
389 2750 449 2796 pop.
465 2733 469 2797 Ι
483 2743 546 2783 2⁰⁰¹*
559 2735 805 2797 congratulabantur
819 2733 822 2800 Ι
838 2746 873 2783 01>
885 2735 973 2783 dicens
985 2730 989 2798 Ι
1003 2747 1020 2782 Ε
1033 2748 1074 2781 om
1089 2738 1116 2782 to
1129 2738 1157 2781 et
1170 2738 1215 2781 too
1229 2734 1232 2797 Ι
1247 2739 1307 2782 toa:
1319 2746 1355 2781 as

182 2823 221 2873 cdd
230 2827 299 2885 pater
311 2822 403 2883 Ioseph
417 2817 421 2885 Ι
435 2825 464 2869 ut
476 2846 484 2856 ·
497 2822 641 2870 canderet
653 2820 682 2881 (x
698 2821 788 2883 derit)
801 2825 845 2869 etc
863 2824 895 2870 ut
906 2831 977 2878 nxn3
997 2832 1013 2867 n
1031 2823 1059 2868 ct
1070 2819 1132 2867 deae
1150 2823 1175 2866 te
1186 2823 1234 2866 ost.
1255 2820 1288 2866 ad
1301 2836 1356 2868 oco.

182 2909 234 2957 lor.
243 2909 338 2970 dipem
350 2921 417 2960 eom
430 2917 446 2954 c
459 2910 485 2954 et
495 2906 557 2953 deos
569 2911 593 2954 te
605 2906 721 2953 idoneum
733 2906 810 2969 clepit
821 2907 856 2955 ad
867 2923 922 2954 occ.
937 2905 994 2953 Mo.
1010 2901 1014 2968 Ι
1030 2904 1089 2952 Cam
1101 2908 1184 2952 autem
1198 2903 1229 2965 (n
1240 2904 1279 2952 Et
1290 2905 1356 2966 omo)

182 2995 289 3042 dicemt
301 2991 330 3054 (Δ
344 2990 480 3052 dicissent)
494 2992 517 3038 ei
531 2988 535 3054 Ι
549 2992 611 3054 qaia
624 3017 632 3026 ·
646 2991 756 3055 Iada(1c
770 2990 843 3050 tuot·
861 2992 951 3053 oqoio
967 3006 998 3038 ea
1016 2990 1127 3037 cmiter
1142 2990 1230 3038 tectos
1241 2989 1358 3052 (corrige

182 3078 261 3140 reu),
276 3092 295 3128 n
308 3078 370 3141 quio
382 3081 489 3126 tantum
504 3075 508 3141 Ι
523 3078 605 3138 coepit
617 3082 648 3126 nt
660 3090 710 3125 nn:
731 3089 767 3124 us
781 3093 869 3139 praem
882 3077 989 3137 Ioseph,
1008 3076 1089 3124 codd
1103 3077 1155 3124 los.
1171 3073 1175 3138 Ι
1189 3088 1207 3122 Α
1220 3089 1263 3123 om
1279 3078 1306 3122 ct
1315 3090 1357 3122 ro-

179 3164 323 3228 puniatque
335 3179 390 3210 cam
401 3180 439 3212 ce.
453 3164 582 3212 dicerent
595 3175 643 3221 cm
660 3176 717 3212 unu
730 3179 784 3210 oum
796 3179 832 3211 oe.
847 3163 934 3211 diem
947 3159 951 3225 Ι
966 3162 1073 3210 traditis
1085 3169 1115 3210 ut
1127 3174 1177 3220 οὓς
1191 3175 1208 3208 Δ
1221 3159 1274 3209 odd
1287 3163 1358 3210 cuius

181 3253 238 3299 etius
247 3254 314 3299 oetas
325 3250 409 3298 minor
420 3254 459 3297 eat
469 3249 604 3310 nepotibus
614 3249 683 3305 meis,
697 3250 762 3298 item
774 3261 792 3296 n
806 3249 876 3297 coice
887 3253 961 3297 aetas
971 3248 1054 3296 minor
1065 3252 1104 3296 est
1114 3251 1231 3309 nepum
1239 3262 1356 3306 morcio,

181 3349 248 3385 ciero
259 3342 317 3399 post
333 3335 491 3398 infantulum
502 3335 605 3399 pergit:
624 3337 690 3383 lum
702 3338 788 3383 adole
798 3338 897 3397 neptem
908 3350 988 3382 meam
999 3334 1085 3391 dotis,
1103 3337 1128 3381 et
1140 3349 1204 3396 quoe
1220 3333 1304 3381 minor
1319 3336 1358 3382 cst

181 3421 373 3483 monopolium
384 3422 445 3468 meis
459 3409 462 3485 Ι
477 3421 622 3469 Asiaticam
641 3434 658 3468 A
671 3420 798 3484 Alyattem
811 3432 830 3467 1>
843 3419 977 3484 Atyocor,
996 3432 1013 3466 s
1025 3419 1164 3483 Atyoctor
1177 3418 1180 3482 Ι
1194 3433 1280 3467 comm.
1291 3433 1356 3480 pon·

181 3506 238 3569 lisa.-
251 3518 265 3554 ι
276 3520 317 3553 om
336 3504 341 3570 Ι
359 3508 428 3555 dicit
444 3505 472 3569 (n
485 3508 550 3567 aiil:
567 3520 624 3555 ann
636 3504 738 3554 added
750 3522 804 3554 eum
822 3505 825 3571 Ι
845 3518 864 3553 n
875 3506 990 3554 Dattm
1009 3502 1012 3569 Ι
1032 3504 1145 3553 Alisca.-
1162 3517 1180 3551 a
1193 3504 1319 3568 Almam,
1338 3516 1356 3550 n

180 3591 242 3640 rso·
253 3590 256 3655 Ι
268 3595 292 3641 et
305 3591 368 3640 Coro
388 3593 434 3652 (un
449 3590 555 3652 comet·
571 3604 589 3638 s
606 3596 669 3654 post
681 3590 789 3639 Dotion
806 3605 876 3654 pou,
895 3602 910 3639 o
923 3606 966 3639 om
980 3588 984 3655 Ι
998 3602 1033 3639 uc
1046 3589 1143 3638 comt.
1157 3589 1200 3637 dei
1213 3587 1217 3654 Ι
1232 3591 1271 3637 ita
1288 3606 1357 3641 eves.

181 3674 203 3735 Ιι)
212 3675 290 3738 miei)
303 3678 350 3725 titi
362 3683 394 3726 nt
406 3689 456 3736 ους
474 3688 510 3723 ΑΒ
522 3677 562 3724 ito
574 3677 621 3724 titi
633 3677 743 3732 wesin,
760 3689 776 3723 u
788 3676 827 3723 ica
844 3681 870 3724 et
887 3676 932 3724 tit.
947 3692 985 3725 eo.
1001 3675 1005 3740 Ι
1019 3689 1036 3723 Β
1049 3692 1066 3722 a
1077 3675 1177 3724 doctrino
1191 3672 1195 3739 Ι
1209 3675 1248 3724 Et
1259 3677 1313 3724 dtr.
1328 3675 1357 3737 (1

180 3761 216 3823 ot)
225 3764 245 3812 ei
255 3763 283 3825 (n
295 3762 350 3825 om)
365 3763 435 3813 loa:
452 3775 489 3811 AB
501 3763 644 3824 Respondit
656 3763 680 3809 ei
693 3762 733 3810 Io.
749 3759 753 3825 Ι
768 3762 866 3824 quidem
882 3765 914 3810 ut
928 3773 994 3819 Διιος
1013 3774 1050 3809 ms
1063 3777 1105 3810 om
1120 3758 1124 3826 Ι
1137 3761 1192 3809 dei:
1209 3775 1227 3810 n
1240 3761 1336 3810 domiui
1350 3764 1356 3827 Ι

180 3849 299 3913 exaquio
311 3855 394 3898 ecstor
408 3849 412 3914 Ι
426 3851 495 3898 eico:
512 3861 529 3896 s
542 3849 618 3897 istius
630 3847 776 3913 infantulae
790 3846 794 3913 Ι
808 3850 923 3911 eopoom'
931 3849 1016 3908 poscit
1027 3853 1059 3897 ut
1070 3861 1121 3906 ιιιις
1140 3860 1175 3897 uo
1189 3863 1336 3912 cognoscam
1349 3845 1354 3914 Ι

181 3936 307 3996 equium
319 3951 350 3984 οε
358 3936 430 4001 filiis
440 3936 503 3983 m
515 3936 615 3997 poterit
625 3933 718 3982 holm
734 3935 873 3996 conium,
892 3947 908 3982 r
925 3961 933 3971 ·
948 3935 1048 3998 eoniaq.
1065 3949 1097 3982 eo
1107 3934 1152 3999 fil.
1168 3935 1243 3990 nasim
1263 3940 1356 3998 cpont

180 4019 252 4070 uolent.
262 4022 301 4070 dei
312 4023 417 4085 pergitt
436 4022 459 4069 ei
472 4037 620 4084 coynoccere
632 4020 727 4082 poesim
740 4020 796 4082 qais
813 4036 867 4068 eam
881 4021 965 4080 possit
978 4045 986 4055 ·
998 4020 1026 4067 io
1037 4020 1166 4082 eoniupm
1182 4016 1187 4084 Ι
1208 4019 1311 4068 Dentur
1324 4019 1354 4081 (n

179 4107 219 4156 cdd
228 4110 258 4166 ei,
274 4124 289 4156 ι
303 4108 358 4165 illi,
376 4123 393 4156 n
406 4124 466 4172 erqo
480 4107 534 4170 illi)
550 4107 554 4170 Ι
568 4108 686 4171 aliquae:
703 4120 722 4155 1>
735 4121 826 4169 praem
838 4106 873 4153 od
884 4106 1017 4163 solatium,
1035 4106 1107 4170 quod
1120 4118 1156 4155 ss
1170 4113 1232 4169 pont
1244 4106 1356 4168 oiryiuec

179 4193 220 4242 cdd
229 4192 233 4258 Ι
243 4207 308 4244 nom
323 4210 354 4243 aa
363 4195 419 4242 aod.
430 4195 484 4242 eius
496 4190 500 4258 Ι
515 4194 640 4242 oisemo
654 4190 657 4257 Ι
673 4192 712 4240 Et
722 4207 791 4254 resp.
807 4191 865 4255 (pro
875 4192 917 4240 his
927 4204 943 4241 o
953 4190 1062 4254 Iterm)
1072 4192 1123 4240 Aa
1137 4191 1165 4253 (n
1178 4192 1322 4256 Mycalen,
1335 4203 1355 4238 n

179 4277 285 4344 Amor)
295 4283 369 4343 pont.
382 4280 451 4327 ducit
462 4283 493 4327 ut
505 4290 554 4336 0³3
567 4292 586 4327 n
596 4277 739 4338 Respondit
751 4277 801 4326 Aa.
810 4281 882 4338 pont.
895 4273 945 4339 [et]
954 4277 1030 4335 dicit
1043 4291 1061 4325 x
1071 4277 1212 4339 &spondit
1221 4277 1270 4326 Ab.
1277 4281 1353 4337 post.

179 4364 246 4414 dou
256 4363 260 4430 Ι
276 4365 345 4428 Viry.
361 4366 460 4429 quidem
472 4364 501 4426 (n
513 4364 584 4427 om)=
604 4376 640 4412 an
653 4363 706 4412 add
720 4365 828 4427 quisque
841 4359 846 4426 Ι
860 4367 888 4411 to
901 4362 931 4424 (n
945 4362 1000 4426 om)
1014 4379 1069 4411 som
1080 4367 1113 4412 ut
1124 4375 1192 4412 ono:
1206 4376 1242 4412 sn
1255 4364 1335 4425 ipsam
1349 4360 1354 4426 Ι

178 4449 280 4512 coeptes.-
290 4463 307 4498 n
319 4449 374 4500 add
386 4451 414 4498 in
424 4464 528 4499 morem
541 4447 545 4513 Ι
559 4450 587 4498 io
598 4450 760 4499 memento
772 4455 803 4497 ut
816 4460 886 4507 cnm
899 4460 935 4497 sn
947 4449 974 4496 in
984 4448 1171 4498 mmmm
