2962 4912
139 309 181 373 88
356 308 690 360 acauno-Maurum
707 309 947 361 EVANGELIUM.
970 307 1044 360 CAP.
1062 308 1133 358 XXI.

141 460 245 527 arbor
261 465 297 525 ct
313 460 355 525 de
373 459 547 525 fructibus
564 460 634 524 tuis
652 460 754 525 refice
772 466 916 526 matrem
932 480 1053 524 meam.
1093 459 1141 523 Et
1160 458 1350 524 confestim

141 563 185 629 ad
205 563 295 628 hanc
306 584 423 628 vocem
440 562 749 645 inclinavitpalma
766 585 931 629 cacumen
949 585 1049 627 suum
1066 583 1177 646 usque
1195 562 1240 627 ad
1249 561 1353 645 plan-

141 675 194 733 tas
211 666 358 748 Mariae,
383 672 418 731 et
435 665 654 749 collegerunt
671 687 712 730 ex
729 687 770 730 ea
787 666 922 731 fructus
940 665 1067 749 quibus
1085 687 1204 732 omnes
1221 665 1351 731 refecti

141 776 233 835 sunt.
256 770 449 852 Postquam
460 789 539 833 vero
559 768 708 834 collecta
724 775 806 834 sunt
823 769 938 834 omnia
954 790 1056 851 poma
1073 770 1159 851 eius,
1176 769 1354 834 inclinata

140 873 319 953 manebat,
343 876 531 955 expectans
550 879 588 936 ut
605 872 680 936 eius
702 872 745 937 ad
762 872 946 955 imperium
962 878 1162 955 resurgeret
1184 872 1228 937 ad
1246 873 1351 937 cuius

142 976 325 1060 imperium
348 973 463 1038 fuerat
483 974 664 1040 inclinata.
696 974 796 1039 Tunc
817 974 919 1040 Iesus
942 975 1030 1040 dixit
1050 973 1094 1039 ad
1116 995 1206 1040 eam:
1237 975 1351 1058 Erige

141 1085 175 1144 te
192 1078 308 1162 palma
325 1082 360 1142 et
377 1076 587 1159 confortare,
606 1083 641 1142 et
657 1082 732 1143 esto
751 1099 894 1143 consors
911 1078 1073 1143 arborum
1089 1098 1244 1142 mearum
1257 1096 1352 1160 quae

143 1187 224 1247 sunt
246 1182 283 1245 in
304 1179 468 1263 paradiso
490 1180 601 1263 patris
622 1180 701 1245 mei.
735 1178 847 1263 Aperi
873 1188 988 1246 autem
1010 1200 1052 1247 ex
1073 1180 1253 1246 radicibus
1277 1181 1353 1245 tuis

140 1305 262 1349 vanam
285 1303 373 1365 quae
396 1282 569 1347 absconsa
590 1284 699 1348 estin
722 1291 829 1365 terra,
852 1288 886 1346 et
907 1283 1017 1349 fluant
1040 1304 1081 1348 ex
1104 1304 1145 1349 ca
1166 1303 1281 1366 aquae
1305 1282 1352 1347 ad

142 1388 340 1453 satietatem
357 1392 522 1451 nostram.
556 1385 604 1450 Et
620 1387 737 1451 statim
755 1393 872 1452 erecta
888 1393 942 1452 est
957 1386 1082 1470 palma,
1101 1393 1136 1451 et
1153 1391 1355 1470 coeperunt

141 1510 205 1574 per
220 1487 357 1554 radices
374 1489 449 1553 cius
468 1488 588 1572 egredi
606 1488 722 1554 fontes
739 1510 908 1574 aquarum
923 1488 1161 1572 limpidissimi
1179 1488 1352 1572 etsrigidi

141 1598 177 1658 et
196 1592 392 1657 dulcissimi
413 1591 527 1655 nimis.
573 1591 746 1658 Videntes
769 1599 886 1658 autem
907 1591 1023 1657 fontes
1046 1613 1214 1675 aquarum
1236 1592 1351 1676 gavisi

142 1703 224 1762 sunt
240 1696 368 1780 gaudio
385 1716 526 1779 magno,
551 1703 586 1760 et
603 1696 722 1761 satiati
744 1704 826 1761 sunt
843 1718 921 1762 cum
942 1696 1102 1761 omnibus
1126 1696 1296 1761 iumentis
1315 1700 1353 1759 et

140 1799 341 1865 hominibus
358 1800 489 1881 gratias
507 1805 651 1881 agentes
672 1799 747 1863 deo,

616 1984 736 2052 caper
765 1986 872 2050 XXI.

228 2122 297 2188 Dic
321 2128 437 2188 autem
454 2121 567 2187 altera
582 2123 733 2206 profecti
752 2127 834 2187 sunt
856 2123 954 2203 inde,
979 2129 1013 2187 et
1034 2123 1070 2185 in
1087 2122 1173 2186 hora
1189 2142 1260 2205 qua
1280 2123 1351 2185 iter

141 2246 243 2309 agere
267 2232 459 2307 coeperunt
475 2224 576 2290 lesus
603 2246 789 2290 conversus
811 2224 854 2289 ad
876 2224 1025 2307 palmam
1042 2223 1143 2289 dixit:
1175 2225 1256 2289 Hoc
1278 2225 1349 2307 pri-

139 2401 192 2450 add
205 2400 310 2449 Mariae
329 2397 451 2462 cirpinicl
468 2402 581 2450 recidens
597 2408 628 2449 ut
641 2415 711 2457 ann,
730 2403 796 2449 item
809 2414 825 2448 r
837 2401 926 2449 sedem
943 2405 1006 2449 auita
1025 2401 1051 2448 in
1066 2402 1136 2457 siref
1154 2413 1169 2449 c
1184 2416 1234 2450 our.
1261 2400 1349 2450 Addit

141 2498 202 2533 uero
216 2499 231 2534 a
244 2490 269 2533 et
282 2485 388 2533 audiens
399 2488 425 2533 et
435 2485 580 2547 intettipere
592 2502 655 2549 qaae
667 2486 817 2535 dicebantur
831 2484 834 2549 Ι
849 2487 889 2534 ait
900 2486 928 2547 (c
941 2486 1018 2546 dicit)
1031 2487 1065 2533 ad
1075 2486 1190 2549 patrum
1202 2485 1233 2547 (ι)
1246 2486 1303 2548 om)
1318 2492 1352 2535 ιιι

140 2584 229 2631 Auem
243 2585 259 2620 r
271 2571 424 2620 exclamavit
436 2571 470 2619 ad
480 2571 560 2634 palm.
574 2576 599 2619 et
610 2572 678 2620 dixit
691 2575 695 2634 Ι
712 2571 827 2620 Flectere
839 2571 917 2620 arbor
929 2578 960 2620 ut
972 2583 1024 2629 n133
1041 2582 1075 2619 nc
1089 2571 1176 2620 Flecte
1188 2571 1216 2633 (o
1229 2571 1350 2635 reflecte)

143 2659 197 2707 arb.
207 2674 292 2707 ramos
301 2662 358 2707 tuoe
371 2657 399 2720 (n
412 2656 466 2706 add
479 2659 513 2705 ad
524 2657 640 2719 terram),
654 2670 670 2705 Δ
682 2657 797 2706 Flectere
808 2657 920 2721 palmam
933 2657 1010 2706 arbor
1025 2657 1028 2722 Ι
1043 2672 1060 2705 A
1073 2658 1203 2722 defructu
1217 2663 1259 2707 tuo
1275 2656 1279 2723 Ι
1296 2675 1348 2707 ma·

139 2749 203 2793 trem
215 2759 293 2792 meam
307 2748 339 2792 ut
352 2755 419 2799 acu,
437 2755 454 2790 Β
467 2747 542 2790 matr.
556 2759 599 2790 me.
613 2747 638 2792 et
650 2759 709 2800 noe,
728 2755 747 2791 1>
760 2759 805 2792 aar
819 2741 822 2808 Ι
838 2743 876 2791 Ee
887 2743 1020 2807 confertim
1038 2749 1067 2791 ιιι
1080 2756 1149 2803 uam
1169 2756 1184 2792 c
1198 2744 1311 2802 statim,
1331 2759 1350 2794 rs

140 2830 235 2879 Statim
258 2833 341 2878 autem
358 2826 363 2894 Ι
383 2842 400 2878 r
420 2830 455 2878 ad
472 2844 555 2877 vocem
571 2830 626 2878 eius
643 2828 647 2893 Ι
667 2845 744 2893 arque
762 2830 796 2878 ad
809 2830 918 2893 plantae
935 2828 983 2890 (sn
1003 2828 1055 2879 edd
1073 2829 1172 2893 beatae)
1190 2831 1298 2879 Mariae
1317 2835 1351 2878 υι

140 2927 227 2973 acum
244 2928 261 2963 a
274 2930 351 2978 aeque
363 2914 398 2962 ad
410 2917 507 2962 terram
519 2918 544 2962 et
555 2929 631 2978 arque
644 2916 678 2963 rut
688 2915 791 2979 palmae
803 2914 907 2962 Mariae
919 2914 1027 2976 viminis
1040 2911 1044 2977 Ι
1059 2918 1084 2962 et
1095 2914 1253 2977 rolleperant
1266 2940 1276 2951 ·
1289 2917 1351 2964 ruat

139 3006 170 3051 ut
183 3013 253 3059 Διιυς
273 3012 306 3049 cr
318 3003 344 3048 et
357 2998 506 3062 collacum
517 3015 548 3047 er
560 3001 703 3064 easructss
715 3015 776 3064 quoe
787 2999 895 3048 habebat
906 3015 990 3048 omres
1002 3001 1093 3064 referti
1105 2999 1132 3061 (c
1145 3002 1238 3066 referti
1245 3002 1267 3062 t)
1281 3006 1350 3050 eunt.

142 3083 194 3152 {aa
207 3087 301 3136 Postea
314 3101 373 3135 vero
387 3100 461 3148 quam
475 3083 478 3148 Ι
494 3084 602 3133 collecta
614 3090 674 3134 curt
685 3092 715 3134 ut
728 3096 795 3144 0923
814 3098 850 3133 aa
863 3084 1021 3148 collacerant
1034 3083 1037 3148 Ι
1052 3090 1080 3134 ut
1096 3087 1150 3134 eice
1167 3087 1202 3134 cd
1214 3087 1352 3150 imperium

140 3197 149 3209 ·
162 3172 289 3221 inclinata
301 3178 332 3221 ιιι
345 3183 397 3231 Am
412 3172 477 3221 item
490 3183 508 3218 D
522 3176 551 3219 ut
562 3171 596 3219 ad
609 3172 663 3220 etur
675 3172 733 3236 imp.
746 3188 796 3221 ree.
808 3172 914 3235 imperii>
927 3172 1046 3235 cuiurfu.
1060 3172 1191 3221 declinata
1196 3192 1205 3228 ,-
1223 3184 1238 3221 c
1252 3176 1281 3221 ut
1294 3175 1352 3222 eise

139 3259 245 3323 imperio
257 3261 374 3322 carperet
386 3258 457 3307 cuiue
468 3259 574 3321 imperio
580 3259 624 3321 fu.
636 3257 727 3306 deelia.
734 3278 742 3315 ,·
760 3271 776 3307 a
789 3262 818 3306 ut
829 3259 884 3306 aiae
895 3259 999 3322 imperio
1004 3259 1100 3322 fuerat
1111 3259 1238 3308 inclinata
1250 3259 1349 3323 (pluri-

139 3345 188 3394 bus
202 3343 271 3393 mele
284 3342 402 3407 omissis)
417 3340 421 3408 Ι
435 3356 451 3391 13
467 3342 535 3391 Tunc
547 3344 597 3391 Ier.
610 3344 748 3407 respiciens
765 3358 820 3391 raas
831 3344 900 3392 dicit
913 3342 917 3408 Ι
931 3356 947 3392 r
960 3359 1063 3393 concors
1081 3343 1186 3393 itteram
1204 3344 1328 3394 arborum
1342 3342 1347 3409 Ι

139 3441 175 3478 aa
188 3429 227 3478 Et
245 3430 330 3493 aperi,
349 3443 368 3478 1>
382 3431 465 3493 Aperi
483 3433 542 3478 arto
561 3427 564 3493 Ι
583 3445 671 3478 ueram
683 3427 730 3490 (aa
743 3429 796 3478 add
814 3429 907 3494 aquae)
921 3446 985 3493 quae
1003 3430 1126 3480 αὸιιοιιια
1139 3430 1168 3492 (n
1182 3431 1350 3495 aduertite)

138 3520 177 3566 ert
194 3517 220 3565 tu
237 3520 299 3565 terr.
319 3519 344 3564 et
354 3516 444 3580 fluant
462 3532 492 3563 ec
509 3532 541 3563 ea
554 3515 602 3578 (AB
615 3531 646 3564 ex
662 3532 692 3564 ea
706 3519 768 3579 post
780 3520 906 3571 nostram
924 3529 942 3565 n
954 3517 1026 3580 fluat
1044 3532 1075 3565 ea
1087 3534 1118 3565 ea
1130 3518 1210 3581 aqua)
1227 3522 1260 3568 ut
1272 3531 1349 3578 aem

138 3604 204 3652 item
221 3614 336 3651 caeam
352 3617 417 3665 quae
433 3601 534 3650 occulta
550 3605 589 3650 ert
601 3604 658 3659 etc;
678 3613 694 3648 r
705 3602 797 3665 scater
814 3601 955 3650 occultator
971 3607 996 3650 et
1005 3603 1094 3666 fluant
1111 3619 1143 3652 ex
1159 3605 1196 3652 eie
1214 3620 1299 3668 cquae
1320 3606 1349 3652 in

138 3689 285 3738 sacietatem
303 3685 307 3751 Ι
327 3700 363 3737 ΔΒ
384 3686 456 3748 Quae
472 3687 561 3735 rtatim
579 3690 664 3735 erecta
681 3691 719 3734 ert
737 3683 741 3749 Ι
762 3700 779 3735 Α
799 3688 882 3751 coepit
899 3688 934 3735 cut
946 3689 1058 3736 radicare
1073 3691 1202 3754 classone
1219 3704 1352 3753 aquarum

139 3772 226 3837 eyredi
238 3769 243 3838 Ι
258 3773 356 3836 limpid.
368 3777 393 3820 et
397 3773 468 3836 frig.
480 3775 506 3821 et
514 3771 582 3821 dulc.
595 3772 670 3820 nimie
682 3771 709 3833 (a
723 3771 873 3834 rauttmaque
882 3771 999 3835 dulciss.)
1012 3778 1043 3821 ut
1056 3785 1103 3832 cm
1117 3787 1135 3823 1>
1148 3774 1218 3837 timp.
1232 3791 1265 3823 ae
1277 3774 1349 3823 dulc.

137 3859 225 3915 m'rm'a,⁸
243 3871 279 3906 ur
292 3858 484 3921 limpidissimae
493 3857 677 3921 sripidieeimue
692 3861 717 3905 et
730 3856 843 3905 lucidier.
857 3858 931 3906 rimie
944 3856 948 3922 Ι
963 3871 979 3905 A
994 3874 1036 3907 om
1049 3864 1131 3908 autem
1145 3856 1149 3923 Ι
1155 3861 1248 3924 sentes
1266 3876 1349 3924 aqua·

138 3959 209 3992 rum:
226 3956 262 3991 ΑΒ
275 3944 471 4008 aqucesortem,
490 3956 506 3991 a
516 3943 625 4006 flantes
636 3943 856 4006 aquamansonter
869 3940 873 4006 Ι
887 3947 912 3991 et
923 3944 1015 3992 satiati
1027 3969 1036 3979 ·
1049 3949 1073 3992 et
1085 3945 1200 3993 hominib.
1215 3943 1245 4006 (n
1259 3946 1352 3995 tertiis

138 4027 202 4091 mie)
215 4032 258 4078 etc
271 4032 302 4076 ιιι
315 4039 365 4088 ους
384 4041 400 4076 ιι
413 4033 439 4078 et
448 4029 534 4092 potati
546 4044 598 4076 unc
609 4044 663 4076 cum
676 4029 734 4076 iam.
752 4032 777 4077 et
788 4028 879 4077 homin.
890 4029 994 4092 pretias
1009 4034 1114 4093 eperunt
1125 4031 1185 4087 deo,
1204 4043 1239 4078 an
1258 4034 1284 4079 et
1296 4034 1349 4079 rat.

139 4119 199 4164 suat
212 4114 262 4178 ipsi
274 4118 300 4162 et
312 4115 397 4162 omnia
408 4115 519 4164 iumenta
531 4119 556 4164 et
569 4115 672 4172 bestiae,
684 4115 750 4163 uncle
758 4115 862 4177 pretias
874 4120 978 4178 eperunt
990 4116 1036 4164 dec

208 4198 278 4248 xxl.
297 4200 349 4248 Die
361 4204 443 4248 autem
455 4200 482 4262 (Δ
494 4199 564 4260 vero)
579 4200 665 4248 attera
677 4198 704 4261 (r
717 4199 812 4261 altero)
827 4197 831 4263 Ι
842 4201 913 4265 prof.
925 4205 984 4249 ruat
997 4202 1055 4250 iride
1067 4201 1094 4264 (c
1105 4201 1168 4261 om),
1181 4206 1206 4250 et
1218 4202 1245 4250 ia
1257 4203 1326 4251 tera
1338 4226 1349 4240 ·

138 4287 206 4335 dicit
218 4284 244 4347 (c
259 4286 313 4342 aitr
329 4298 345 4334 a
358 4286 385 4333 tn
396 4286 462 4335 iera
474 4291 556 4336 autem
569 4302 620 4350 quc
632 4291 753 4351 ceperunt
764 4287 814 4335 iter
826 4302 916 4350 apere,
935 4302 1046 4336 eonem.
1061 4287 1098 4335 Ie.
1111 4288 1150 4336 ait
1162 4287 1197 4335 aa
1207 4286 1302 4350 palm.)
1317 4291 1350 4337 ut

138 4383 186 4430 01³3
200 4371 265 4420 item
277 4384 296 4420 ι)
307 4370 355 4420 sed
365 4387 407 4420 om
420 4375 445 4420 et
456 4372 483 4420 ir
495 4372 559 4420 tiara
572 4387 622 4435 usq
633 4376 781 4435 cooperari&
794 4384 812 4421 Δ
822 4388 876 4420 cam
889 4371 947 4420 iride
955 4371 1190 4437 proficiscerentur,
1203 4376 1229 4421 et
1241 4373 1269 4420 iu
1281 4374 1351 4422 tera

138 4481 150 4495 ·
161 4457 197 4506 ari
206 4456 287 4522 patra
300 4471 411 4506 ronam.
424 4456 492 4506 dicit
505 4454 509 4522 Ι
524 4454 582 4507 Hoc
590 4456 682 4521 privil.
695 4459 739 4507 etc
757 4462 788 4507 ut
801 4469 850 4516 ης
868 4467 884 4507 c
897 4455 955 4508 Hoc
970 4473 1002 4506 err
1009 4461 1150 4522 prerupto
1162 4473 1215 4507 meo
1226 4457 1287 4509 dieo
1300 4458 1351 4508 tibi
