3000 4912
137 297 272 368 'xxvm
624 298 896 352 rsouneounss.

156 457 278 526 Grabii
307 455 419 521 codice
448 453 632 521 Oxoniensi
659 453 698 517 fit
709 453 749 535 1);
780 458 881 535 etque
910 453 1076 517 consentit
1102 452 1204 516 etism
1226 451 1359 518 libellus

157 568 290 634 saeculo
314 567 430 650 quinto
455 565 582 630 decimo
605 563 714 629 editus
736 563 797 629 sub
819 563 917 628 titulo
940 562 1101 628 infantiae
1125 562 1310 629 Salvatoris
1322 563 1358 645 ¹).

156 679 283 746 Contra
315 683 365 742 est
395 681 536 758 uterque
566 674 718 739 Thilonis
750 674 1097 757 codex·Parisiensi5‚
1127 674 1186 739 ubi
1215 672 1358 740 Iacobus

155 790 243 856 filius
270 788 405 872 Iosephi
434 792 550 852 auctor
576 785 767 869 fingiturb,
797 785 1025 851 consentiente
1052 786 1155 850 etiam
1183 784 1358 851 Cantabri·

157 902 263 985 giensi
291 900 404 965 codice
427 898 675 963 recentissimae
696 898 817 962 aetatis
840 918 860 962 a
882 896 1026 962 Thilone
1048 898 1198 979 inspecto
1209 898 1246 978 ⁴).
1290 897 1358 962 Ac·

157 1012 245 1077 cedit
265 1011 353 1094 quod
375 1008 569 1092 opusculum
591 1009 732 1073 alterum
755 1009 795 1073 de
817 1009 995 1073 nativitate
1009 1008 1142 1073 Mariae
1164 1006 1357 1091 plerumque

156 1144 231 1187 cum
253 1121 452 1205 Hieronymi
479 1119 601 1185 litteris
628 1120 768 1185 inveniri
790 1119 933 1201 uidetur,
963 1140 1164 1203 quemquam
1187 1120 1227 1185 de
1255 1141 1294 1185 ea
1320 1141 1357 1185 rc

156 1256 223 1300 non
246 1234 328 1299 satis
352 1237 491 1298 constat.

246 1344 313 1411 Sed
336 1364 466 1410 omnem
489 1343 730 1408 dubitationem
757 1350 908 1409 nostram
937 1343 1071 1409 sustulit
1094 1343 1157 1408 hoc
1180 1341 1269 1425 quod
1292 1342 1359 1424 epi·

155 1457 247 1539 scopi
269 1455 396 1520 duobus
419 1456 591 1538 epistolae·
602 1456 684 1521 locis
707 1461 740 1520 et
755 1456 893 1539 virginis
914 1456 1032 1520 matris
1055 1460 1088 1520 et
1104 1454 1288 1521 salvatoris
1310 1455 1358 1519 in·

154 1568 294 1633 fantiam
316 1567 379 1632 hoc
402 1567 573 1650 evangelio
595 1566 762 1632 Matthaei
785 1567 949 1632 contineri
972 1565 1173 1650 significant,
1198 1570 1298 1649 atque
1321 1566 1357 1630 in

154 1679 236 1761 ipsis
257 1678 456 1761 Hieronymi
483 1679 604 1770 litteris
633 1683 685 1743 est
711 1700 765 1743 nos
786 1683 849 1742 sais
871 1681 1057 1742 namnam
1079 1681 1222 1742 adiacent
1242 1683 1294 1763 qui
1314 1680 1359 1742 ad

158 1790 328 1854 Saloutaria
349 1795 446 1854 metri
465 1801 602 1854 samam
625 1794 789 1876 infantiam
811 1813 869 1875 per
891 1801 1027 1854 noemam
1048 1793 1204 1875 potuerint
1224 1792 1357 1853 obediere-

155 1904 229 1963 fiam
252 1905 418 1986 paeoniae.
462 1900 560 1966 Haec
581 1903 715 1967 minime
739 1902 904 1985 quadrant
926 1903 961 1967 in
984 1902 1082 1967 breve
1104 1900 1186 1966 illud
1208 1901 1248 1966 de
1271 1902 1357 1966 nati·

154 2011 257 2076 vitate
271 2011 401 2077 Mariae
424 2011 638 2095 evangelium,
662 2011 750 2096 quod
773 2035 812 2078 eo
835 2013 908 2095 ipso
931 2012 1004 2078 loco
1024 2012 1146 2078 desinit
1167 2013 1226 2078 ubi
1249 2033 1356 2077 sermo

155 2243 184 2289 et
202 2238 304 2288 desinit
323 2255 374 2300 per
389 2242 504 2288 nostram
518 2243 641 2304 poterant
658 2240 825 2290 obedientiam
839 2240 983 2304 pervenire.
1022 2239 1103 2290 Liber
1120 2241 1218 2305 incipit
1241 2241 1298 2289 Usa
1315 2242 1357 2291 ds'e

154 2322 300 2371 adesositse
317 2325 355 2371 est
371 2322 399 2371 s'ss
416 2323 509 2372 ronsss's
527 2324 618 2386 loseph
635 2323 667 2371 ab
685 2323 776 2387 osyela
793 2323 889 2372 domiai
907 2322 954 2385 (cf.
972 2322 1043 2386 spud
1062 2339 1111 2373 nos
1130 2324 1215 2381 XVII,
1234 2326 1271 2385 2.)
1304 2325 1356 2377 De·

154 2407 223 2457 sinit
240 2408 294 2470 ipss
312 2407 385 2456 Iesse
405 2407 531 2465 Ολήείω,
555 2408 599 2472 qut
615 2422 670 2456 ease
686 2408 801 2466 tanavd,
823 2411 897 2457 saaet
918 2423 965 2456 ser
981 2424 999 2455 a
1018 2409 1146 2470 peccatir,
1171 2411 1214 2472 qas'
1231 2413 1269 2459 est
1287 2410 1356 2460 besse·

153 2494 237 2543 distes
261 2497 313 2544 etc.
350 2492 434 2556 (Hsec
453 2500 571 2544 extreme
590 2494 721 2558 quadrare
739 2494 867 2545 videntur
889 2495 918 2545 in
941 2494 1022 2544 linem
1045 2496 1144 2558 cepitis
1165 2497 1252 2545 nostri
1271 2496 1355 2559 xm.)

152 2582 257 2633 Ibidem
281 2587 345 2632 tom.
364 2583 410 2632 lv,
435 2598 461 2646 p.
480 2583 539 2634 4⁷4.
563 2582 596 2632 de
618 2584 705 2634 sltero
724 2582 817 2633 codice
836 2583 996 2648 explicetur.
1032 2582 1180 2635 Prssmisss
1198 2584 1288 2635 eedem
1306 2586 1355 2635 ills

152 2669 310 2734 Hieronymi
323 2669 440 2732 epistole
453 2674 535 2733 ceput
546 2670 660 2734 primum
672 2675 715 2720 est
732 2670 764 2719 de
773 2671 845 2736 faya
857 2673 916 2720 Ises
931 2672 958 2721 s'a
970 2672 1112 2736 Aeyyptaa
1124 2668 1170 2732 (cf.
1181 2686 1240 2734 esp.
1249 2671 1355 2734 xm).

153 2752 307 2802 Extremum
326 2751 396 2802 hsnc
415 2752 499 2803 hebet
517 2755 696 2820 epigraphen:
725 2754 862 2818 Quomodo,
881 2757 981 2820 quanda
1000 2756 1076 2805 simul
1093 2757 1264 2814 comedebant,
1283 2757 1356 2808 Iesus

150 2853 249 2886 messae
268 2837 437 2896 benedicebat,
459 2843 484 2887 et
502 2840 601 2902 quanda
620 2840 769 2900 dormiebat,
787 2840 898 2889 ebaritas
915 2841 957 2889 dei
974 2857 1050 2903 sepes·
1069 2856 1123 2889 euos
1133 2839 1264 2905 salyebat.
1302 2841 1354 2891 De·

150 2921 218 2972 sinit
236 2924 264 2970 s'ss
280 2921 323 2970 ds'e
340 2923 392 2971 etse
409 2922 436 2970 s’ss
454 2925 539 2980 secu,
564 2923 673 2973 claritas
690 2924 732 2973 des'
752 2923 930 2986 resplendebat
946 2940 1023 2987 sepes·
1041 2941 1108 2982 esses,
1133 2926 1159 2973 s's
1177 2919 1280 2975 sucula
1297 2941 1352 2974 sae-

150 3007 271 3057 oslonas.
302 3008 392 3057 Amos.
430 3005 516 3069 (Haec
535 3010 602 3059 setis
620 3008 788 3072 respondent
806 3010 908 3059 nostris
927 3010 1017 3074 capite
1035 3009 1133 3072 XLII.)

237 3087 258 3153 ¹)
278 3089 355 3148 Quod
373 3091 445 3141 enim
464 3090 577 3141 Grebius
596 3092 630 3141 ed
649 3092 755 3142 hennei
774 3093 795 3150 1,
816 3094 856 3143 17.
875 3091 957 3156 (spnd
975 3094 1103 3144 Messuet.
1122 3094 1143 3151 1,
1163 3093 1216 3156 20.)
1237 3097 1354 3156 notavit,

150 3174 284 3224 contineri
309 3188 340 3223 se
366 3174 458 3224 codice
477 3175 756 3238 Pseudo-evasaels'ssm
772 3176 876 3235 Lessas's',
900 3175 928 3226 id
952 3175 1016 3227 inde
1041 3177 1227 3241 explicandum
1246 3178 1354 3229 videtur

152 3257 223 3320 quod
242 3257 357 3307 Leucius
381 3258 453 3309 idem
470 3258 604 3309 Metthsei
629 3261 759 3324 scriptum
783 3261 817 3310 sd
840 3276 915 3312 susm
939 3267 1057 3312 mentem
1079 3263 1274 3313 conformatum
1298 3264 1353 3314 edi·

149 3344 222 3394 disse
241 3344 270 3393 in
288 3345 391 3396 litteris
409 3346 521 3410 tingitur
538 3346 703 3411 Hieronymi.

234 3427 258 3493 ²)
278 3429 319 3483 Cf.
338 3431 405 3481 Lud.
424 3431 496 3482 Hsin
515 3433 702 3497 Repertorium
725 3433 981 3499 bibliogrspuieum,
1007 3435 1055 3484 ubi
1073 3434 1113 3492 11,
1134 3438 1156 3484 1.
1180 3453 1207 3500 p.
1228 3438 1286 3485 130.
1305 3453 1352 3487 nu·

149 3531 222 3566 mero
241 3517 318 3567 9178.
344 3521 565 3568 commemoretur
587 3520 707 3584 Infantia
731 3519 889 3569 Saloutaria.
933 3519 1049 3569 Libellos
1071 3520 1103 3570 de
1125 3522 1239 3586 tasaets'a
1261 3518 1352 3572 Salea-

151 3604 216 3651 tors's
239 3619 257 3650 a
280 3602 353 3653 beato
371 3602 528 3670 Hieronymo
551 3605 704 3654 masalmae.
742 3604 794 3663 Qui
818 3605 927 3655 libellus
951 3620 1000 3655 nec
1024 3621 1040 3654 s
1062 3604 1165 3656 Ludos.
1184 3607 1256 3656 Hsin
1280 3607 1353 3659 visus

149 3693 261 3738 estnec
279 3704 295 3737 s
313 3687 428 3738 'Philone
447 3703 497 3739 nec
516 3704 531 3738 s
548 3704 598 3739 me.

233 3770 257 3835 ³)
276 3771 401 3824 Ceterum
418 3774 551 3833 „lacobus
569 3774 641 3824 filius
660 3773 787 3838 Iosephi“
808 3775 879 3825 idem
901 3780 943 3824 est
961 3776 1008 3839 qui
1026 3776 1054 3824 in
1073 3777 1177 3839 graecis
1195 3777 1272 3827 libris
1291 3794 1354 3830 mss.

149 3857 346 3921 protevsngelii
359 3849 553 3923 ἁδελῴόθεοσ
565 3858 679 3919 dicitur;
698 3874 785 3922 neque
797 3859 882 3925 msgis
897 3859 967 3908 elius
985 3865 1028 3908 est
1043 3850 1192 3908 Ἰάκωθοσ
1205 3857 1353 3927 ἘΒραῑοσ

147 3941 295 4006 Eptpbsnii
322 3942 459 4000 monachi,
488 3958 567 4006 quum
594 3943 670 3993 illum
697 3944 725 3993 in
753 3945 811 4008 ipso
836 3945 936 3994 Msrise
965 3951 1044 4009 partu
1071 3941 1229 3996 interfuisse
1254 3949 1353 4002 facist:

141 4015 289 4074 ‘tdsoessoc
301 4022 448 4090 ἘΒραῑοσ
466 4020 538 4076 τότε
555 4025 667 4095 ωαρὼμ
692 4034 746 4079 etc.
782 4028 824 4078 Cf.
844 4029 943 4094 Epiph.
962 4030 1036 4080 edite
1055 4034 1083 4079 et
1100 4030 1173 4080 ined.
1192 4046 1255 4081 curs
1272 4032 1352 4084 Dres-

146 4114 197 4163 sel.
219 4129 245 4176 p.
263 4115 305 4163 28.

232 4197 256 4262 ⁴)
276 4198 317 4251 Cf.
336 4198 402 4248 eeu.
421 4216 510 4265 spocr.
529 4218 555 4266 p.
572 4201 649 4254 CXV.
680 4203 712 4254 ln
731 4205 817 4254 slterc
836 4205 929 4255 codice
948 4210 1056 4264 nostro,
1080 4206 1098 4256 i.
1116 4222 1140 4256 e.
1160 4206 1351 4267 Laurentisne,

146 4301 197 4337 nec
218 4286 335 4349 epistole
358 4301 408 4337 nec
431 4289 517 4353 magis
539 4289 596 4338 ulls
617 4290 759 4353 inscriptio
784 4306 843 4340 esse
865 4290 987 4354 videtur;
1012 4296 1086 4342 certe
1104 4294 1175 4343 enlm
1194 4293 1264 4342 nihil
1283 4295 1351 4344 eius·

147 4371 219 4422 modi
237 4371 266 4421 in
284 4370 392 4422 schedis
410 4375 477 4424 meis
496 4376 599 4425 notavi.
