2962 4912
138 315 248 361 mm
625 296 896 349 rnonnoouruu.

181 469 202 513 e
224 449 245 512 i.
261 469 287 512 e.
303 447 409 513 Paris.
424 444 507 530 Reg.
521 468 610 511 nunc
625 445 759 513 Nation.
775 450 847 512 808.
870 468 953 513 saec.
969 445 1049 513 XV.
1085 446 1188 511 Hunc
1210 450 1340 527 textum

224 579 265 623 ex
287 557 436 623 Thilonis
459 558 605 624 editione
628 560 811 624 sumsimus.

182 690 201 735 c
222 672 242 736 i.
259 692 285 736 e.
300 669 405 735 Palat.
421 668 533 739 Vatic.
548 691 635 735 num.
651 673 722 736 269.
746 692 831 736 saec.
847 671 915 736 fere
930 669 1030 737 XIV.
1054 670 1178 753 Incipit
1193 692 1213 737 a
1227 671 1339 735 verbis

224 789 358 866 ἔρχεται
376 777 394 845 ὅ
410 779 605 866 μομογεμήσ
620 776 683 844 τοῦ
699 776 779 846 θεοῦ
794 781 869 846 ulto
889 803 958 865 cap.
974 781 1022 847 H.
1038 789 1119 848 extr.
1149 782 1340 864 Eusoripsit

224 900 324 977 atque
347 892 451 957 edidit
472 892 627 959 Birchius
650 892 735 976 (vide
758 900 859 975 ante).

202 1005 438 1069 Latinorum
460 1009 610 1069 textuum
627 1009 749 1090 primus
772 1011 822 1070 est
844 1005 1062 1072 Gestorum
1078 1004 1214 1071 Pilati.
1253 1004 1340 1071 Cou-

138 1116 300 1182 formatus
323 1121 375 1180 est
397 1115 440 1180 ad
462 1115 593 1180 codices
613 1116 722 1181 hosce.

180 1249 203 1293 A
223 1228 243 1292 i.
265 1249 291 1293 e.
310 1227 513 1308 Vaticanus,
541 1228 744 1311 nescioquo
771 1249 908 1294 numero
935 1234 1078 1295 notatus.
1121 1229 1229 1295 Lectu
1256 1227 1342 1293 satis

225 1346 276 1405 est
298 1339 452 1421 difficilis,
475 1337 598 1404 saeculi
622 1339 691 1404 fere
713 1338 820 1404 XIII.
865 1340 987 1406 Totum
1010 1341 1302 1423 transscripsimus.

181 1471 202 1515 B
224 1451 245 1514 i.
261 1472 288 1515 c.
303 1450 413 1518 Vatic.
431 1473 519 1516 num.
535 1454 638 1533 4363,
661 1451 779 1516 similis
802 1453 914 1534 priori.
950 1451 1006 1516 Ad
1029 1453 1172 1534 priorem
1193 1451 1342 1517 codicem

224 1569 377 1627 accurate
400 1562 609 1628 contulimus.

182 1692 200 1737 c
222 1674 243 1738 i.
260 1695 287 1738 e.
302 1673 385 1741 Ven.
401 1673 506 1738 Marc.
531 1673 625 1739 class.
646 1672 747 1740 XIV.
771 1674 840 1738 cod.
862 1673 998 1739 XLIII.
1022 1675 1146 1740 saeculi
1168 1675 1237 1740 fere
1260 1674 1341 1740 XV.

223 1783 344 1850 'Potum
367 1785 662 1867 transscripsimus.

179 1897 243 1961 n·i.
253 1918 280 1961 e.
296 1901 407 1961 textus
421 1895 579 1978 Fabricii,
595 1896 635 1960 de
651 1917 716 1979 quo
731 1897 804 1962 vide
821 1918 935 1979 supra;
951 1899 1030 1962 item
1039 1896 1124 1962 'Phil
1135 1896 1214 1963 Ood.
1230 1916 1340 1979 apocr.

222 2028 297 2090 pag.
313 2005 497 2073 CXXXV.

179 2119 244 2183 nli.
252 2118 624 2198 ecodexllinsidlensis,
636 2104 734 2201 quem
744 2124 821 2185 ante
829 2119 990 2184 decimum
1001 2119 1168 2184 saeculum
1178 2121 1341 2202 scriptum

223 2250 294 2294 esse
304 2235 486 2295 autumant.
509 2228 730 2295 collationem
741 2230 812 2296 eius
827 2252 902 2296 cum
918 2230 1061 2296 editione
1070 2229 1275 2296 Fabriciana
1284 2251 1339 2296 ex·

221 2341 331 2405 hibuit
350 2340 422 2406 Ioh.
437 2339 505 2406 Iac.
520 2341 611 2406 Hess
631 2342 665 2405 in
686 2342 889 2407 bibliotheca
908 2342 1069 2408 historiae
1090 2362 1215 2407 sacrae.
1248 2343 1338 2406 1791.

224 2452 262 2516 Ρ.
281 2455 306 2516 l.
324 2472 355 2534 p.
371 2453 551 2517 435-483.
580 2452 634 2517 Ea
650 2453 824 2518 collatione
839 2458 915 2535 post
929 2452 1101 2518 Birchium
1116 2459 1150 2518 et
1164 2451 1341 2519 Thilonem

222 2570 257 2628 et
278 2560 341 2645 ipsi
365 2563 414 2627 usi
437 2584 559 2628 sumus.

179 2679 215 2737 n⁰
223 2675 245 2738 i.
260 2694 286 2738 e.
303 2673 407 2740 codex
426 2674 645 2740 bibliothecae
667 2674 825 2757 principis
841 2673 973 2740 Corsini
997 2697 1083 2740 num.
1102 2678 1192 2740 1146.
1215 2676 1341 2741 saeculi

224 2783 399 2851 fereXIV.
421 2784 572 2850 Contulit
587 2806 661 2849 cum
670 2785 872 2849 Fabriciano
888 2790 982 2849 textu
992 2785 1208 2868 Engelbreth.
1230 2785 1340 2870 Quam

223 2896 436 2962 cenationem
458 2896 582 2979 publici
605 2896 687 2960 iuris
707 2896 787 2960 lecit
801 2895 955 2961 Birchius
971 2897 1006 2960 in
1021 2896 1184 2962 Auctario
1204 2919 1266 2963 suo
1286 2919 1341 2963 oo·

223 3008 304 3073 dicis
327 3028 436 3090 apocr.
451 3007 653 3072 Fabriciani.

138 3133 202 3183 Flos
225 3121 245 3183 i.
260 3141 286 3184 e.
306 3119 377 3184 cod.
392 3118 608 3184 Florentinus
623 3118 877 3184 Laurentianus.
914 3117 1038 3184 Deficit
1059 3125 1136 3201 post
1157 3120 1259 3184 verba
1280 3121 1342 3184 Re-

225 3233 399 3316 spmudentes
426 3231 533 3293 milites
560 3232 701 3293 damna
729 3232 766 3296 Si
792 3231 899 3316 Ioseph
929 3231 992 3315 [in]
1022 3232 1199 3296 Arimathiu
1227 3242 1283 3312 est,
1315 3242 1345 3295 et

227 3343 310 3406 Iesus
332 3347 363 3405 in
389 3341 511 3405 Galileu
534 3352 578 3404 est
605 3340 716 3422 XIII,
739 3344 768 3406 2.
812 3342 866 3408 Ea
888 3363 973 3424 quae
997 3341 1073 3406 inde
1095 3341 1147 3406 vel
1169 3342 1343 3425 descripsi·

224 3475 297 3517 mus
319 3452 371 3517 vol
394 3451 603 3535 contulimus,
627 3452 812 3535 significata
835 3454 969 3518 suntin
992 3453 1240 3518 commentario.

139 3565 245 3630 ambri.
256 3585 283 3630 e.
292 3563 555 3628 Mediolanensis
564 3562 808 3628 Ambrosianus
825 3563 915 3630 035.
932 3563 1056 3629 saeculi
1071 3564 1140 3628 iere
1152 3563 1252 3629 XIV.
1273 3563 1342 3628 Dc·

228 3674 418 3756 scripsimus
446 3692 560 3757 usque'
577 3675 678 3740 verba
705 3676 856 3738 Novimus
879 3676 977 3739 Iesum
999 3678 1079 3740 tuac
1098 3678 1196 3762 satri
1217 3677 1345 3762 liquarit

220 3786 328 3868 filium
360 3797 388 3849 et
414 3789 450 3849 de
472 3786 581 3850 Maria
609 3797 724 3850 natum.
770 3783 913 3867 Reliqua
939 3786 1015 3851 inde
1039 3786 1188 3852 desumta
1212 3786 1255 3851 ad
1276 3785 1343 3852 De·

224 3917 376 3961 sccnsum
402 3895 528 3962 Christi
550 3897 729 3979 pertinent,
753 3917 837 3980 quae
860 3902 936 3978 post
957 3897 1040 3962 ride.
1263 3971 1267 3979 ¹

138 4009 246 4071 nuni.
257 4007 496 4073 e.Havniensis
511 4007 588 4072 bibl.
599 4007 681 4090 Reg.
691 4029 777 4072 anno
791 4010 882 4073 1400.
898 4007 1049 4091 scriptus.
1078 4007 1165 4074 Vidc
1181 4006 1269 4073 Thil.
1285 4009 1305 4074 l.
1320 4009 1341 4073 l.

224 4139 254 4201 p.
269 4106 507 4185 CXXXVIII
523 4138 581 4201 sq,
605 4119 697 4183 cuius
714 4140 754 4183 ex
768 4120 856 4184 notis
872 4118 1049 4202 aliquoties
1064 4118 1281 4184 laudavimus

155 4243 207 4292 11⁸1
224 4230 244 4295 i.
260 4251 287 4296 e.
302 4228 460 4294 Halensis
475 4229 552 4294 bibl.
564 4229 847 4312 orphanotrophei
863 4251 948 4295 saec.
958 4231 1025 4296 fere
1035 4229 1134 4298 XIV.
1157 4229 1245 4298 Vide
1256 4228 1340 4295 Thil.

223 4339 278 4406 rr
301 4361 331 4422 p.
347 4317 552 4406 cxrrxvi.
588 4339 636 4406 ut
658 4361 765 4423 supra.
