<?xml version="1.0" encoding="UTF-8"?>
<!DOCTYPE html PUBLIC "-//W3C//DTD XHTML 1.0 Transitional//EN"
    "http://www.w3.org/TR/xhtml1/DTD/xhtml1-transitional.dtd">
<html xmlns="http://www.w3.org/1999/xhtml" xml:lang="en" lang="en">
 <head>
  <title>
</title>
<meta http-equiv="Content-Type" content="text/html;charset=utf-8" />
  <meta name='ocr-system' content='tesseract 3.04.00' />
  <meta name='ocr-capabilities' content='ocr_page ocr_carea ocr_par ocr_line ocrx_word'/>
</head>
<body>
  <div class='ocr_page' id='page_1' title='image "./evangeliaapocry00tiscgoog_0214.png"; bbox 0 0 2962 4912; ppageno 0'>
   <div class='ocr_carea' id='block_1_1' title="bbox 409 340 1316 413">
    <p class='ocr_par' dir='ltr' id='par_1_1' title="bbox 409 340 1316 413">
     <span class='ocr_line' id='line_1_1' title="bbox 409 340 1316 413; baseline 0.008 -21"><span class='ocrx_word' id='word_1_1' title='bbox 409 341 457 392; x_wconf 71' lang='lat' dir='ltr'>DE</span> <span class='ocrx_word' id='word_1_2' title='bbox 474 340 689 393; x_wconf 72' lang='lat' dir='ltr'>narlvlraru</span> <span class='ocrx_word' id='word_1_3' title='bbox 708 341 851 391; x_wconf 70' lang='lat' dir='ltr'>Manlau.</span> <span class='ocrx_word' id='word_1_4' title='bbox 879 340 953 393; x_wconf 80' lang='lat' dir='ltr'>OAP.</span> <span class='ocrx_word' id='word_1_5' title='bbox 971 341 1019 392; x_wconf 83' lang='lat' dir='ltr'>lv.</span> <span class='ocrx_word' id='word_1_6' title='bbox 1255 351 1316 413; x_wconf 81' lang='lat'>115</span> 
     </span>
    </p>
   </div>
   <div class='ocr_carea' id='block_1_2' title="bbox 137 492 1320 3054">
    <p class='ocr_par' dir='ltr' id='par_1_2' title="bbox 137 492 1320 3054">
     <span class='ocr_line' id='line_1_2' title="bbox 140 492 1316 578; baseline -0.002 -12"><span class='ocrx_word' id='word_1_7' title='bbox 140 498 189 566; x_wconf 85' lang='lat' dir='ltr'>sed</span> <span class='ocrx_word' id='word_1_8' title='bbox 202 492 303 559; x_wconf 91' lang='lat' dir='ltr'>divini</span> <span class='ocrx_word' id='word_1_9' title='bbox 318 493 473 558; x_wconf 87' lang='lat' dir='ltr'>muneris</span> <span class='ocrx_word' id='word_1_10' title='bbox 491 497 733 576; x_wconf 81' lang='lat' dir='ltr'>cognoscatur.</span> <span class='ocrx_word' id='word_1_11' title='bbox 778 493 790 525; x_wconf 90' lang='lat'><strong>¹</strong></span> <span class='ocrx_word' id='word_1_12' title='bbox 806 492 925 557; x_wconf 92' lang='lat' dir='ltr'>Prima</span> <span class='ocrx_word' id='word_1_13' title='bbox 941 495 1033 558; x_wconf 91' lang='lat' dir='ltr'>enim</span> <span class='ocrx_word' id='word_1_14' title='bbox 1051 496 1165 578; x_wconf 89' lang='lat' dir='ltr'>gentis</span> <span class='ocrx_word' id='word_1_15' title='bbox 1180 504 1316 565; x_wconf 88' lang='lat' dir='ltr'>vestrae</span> 
     </span>
     <span class='ocr_line' id='line_1_3' title="bbox 140 593 1318 679; baseline 0.001 -14"><span class='ocrx_word' id='word_1_16' title='bbox 140 602 209 670; x_wconf 86' lang='lat' dir='ltr'>Sara</span> <span class='ocrx_word' id='word_1_17' title='bbox 226 600 334 660; x_wconf 86' lang='lat' dir='ltr'>mater</span> <span class='ocrx_word' id='word_1_18' title='bbox 356 615 472 661; x_wconf 91' lang='lat' dir='ltr'>nonne</span> <span class='ocrx_word' id='word_1_19' title='bbox 496 616 606 679; x_wconf 89' lang='lat' dir='ltr'>usque</span> <span class='ocrx_word' id='word_1_20' title='bbox 633 593 677 659; x_wconf 92' lang='lat' dir='ltr'>ad</span> <span class='ocrx_word' id='word_1_21' title='bbox 699 597 949 678; x_wconf 85' lang='lat' dir='ltr'>octogesimum</span> <span class='ocrx_word' id='word_1_22' title='bbox 972 618 1101 662; x_wconf 89' lang='lat' dir='ltr'>annum</span> <span class='ocrx_word' id='word_1_23' title='bbox 1126 598 1318 667; x_wconf 86' lang='lat' dir='ltr'>infecunda</span> 
     </span>
     <span class='ocr_line' id='line_1_4' title="bbox 139 699 1317 786; baseline -0.003 -14"><span class='ocrx_word' id='word_1_24' title='bbox 139 700 211 772; x_wconf 82' lang='lat' dir='ltr'>fuit?</span> <span class='ocrx_word' id='word_1_25' title='bbox 230 705 263 765; x_wconf 88' lang='lat' dir='ltr'>et</span> <span class='ocrx_word' id='word_1_26' title='bbox 283 706 400 765; x_wconf 89' lang='lat' dir='ltr'>tamen</span> <span class='ocrx_word' id='word_1_27' title='bbox 421 699 459 764; x_wconf 91' lang='lat' dir='ltr'>in</span> <span class='ocrx_word' id='word_1_28' title='bbox 480 700 605 765; x_wconf 88' lang='lat' dir='ltr'>ultima</span> <span class='ocrx_word' id='word_1_29' title='bbox 625 701 818 766; x_wconf 80' lang='lat' dir='ltr'><strong>senectutis</strong></span> <span class='ocrx_word' id='word_1_30' title='bbox 844 707 959 767; x_wconf 87' lang='lat' dir='ltr'>aetate</span> <span class='ocrx_word' id='word_1_31' title='bbox 982 702 1104 785; x_wconf 89' lang='lat' dir='ltr'>genuit</span> <span class='ocrx_word' id='word_1_32' title='bbox 1118 701 1236 786; x_wconf 81' lang='lat' dir='ltr'>Isaac,</span> <span class='ocrx_word' id='word_1_33' title='bbox 1261 706 1317 770; x_wconf 89' lang='lat' dir='ltr'>cui</span> 
     </span>
     <span class='ocr_line' id='line_1_5' title="bbox 139 803 1316 891; baseline 0.002 -21"><span class='ocrx_word' id='word_1_34' title='bbox 139 804 327 891; x_wconf 83' lang='lat' dir='ltr'>repromissa</span> <span class='ocrx_word' id='word_1_35' title='bbox 343 809 418 869; x_wconf 88' lang='lat' dir='ltr'>erat</span> <span class='ocrx_word' id='word_1_36' title='bbox 433 803 634 869; x_wconf 79' lang='lat' dir='ltr'>benedictio</span> <span class='ocrx_word' id='word_1_37' title='bbox 652 806 805 870; x_wconf 93' lang='lat' dir='ltr'>omnium</span> <span class='ocrx_word' id='word_1_38' title='bbox 822 805 988 888; x_wconf 90' lang='lat' dir='ltr'>gentium.</span> <span class='ocrx_word' id='word_1_39' title='bbox 1014 805 1148 871; x_wconf 83' lang='lat' dir='ltr'>Rachel</span> <span class='ocrx_word' id='word_1_40' title='bbox 1166 827 1316 890; x_wconf 89' lang='lat' dir='ltr'>quoque,</span> 
     </span>
     <span class='ocr_line' id='line_1_6' title="bbox 138 906 1315 992; baseline -0.003 -14"><span class='ocrx_word' id='word_1_41' title='bbox 138 915 251 978; x_wconf 80' lang='lat' dir='ltr'>tantum</span> <span class='ocrx_word' id='word_1_42' title='bbox 267 906 408 972; x_wconf 92' lang='lat' dir='ltr'>domiuo</span> <span class='ocrx_word' id='word_1_43' title='bbox 430 913 529 990; x_wconf 83' lang='lat' dir='ltr'>grata</span> <span class='ocrx_word' id='word_1_44' title='bbox 544 913 750 990; x_wconf 90' lang='lat' dir='ltr'>tantumque</span> <span class='ocrx_word' id='word_1_45' title='bbox 773 928 793 972; x_wconf 90' lang='lat' dir='ltr'>a</span> <span class='ocrx_word' id='word_1_46' title='bbox 814 914 934 972; x_wconf 91' lang='lat' dir='ltr'>sancto</span> <span class='ocrx_word' id='word_1_47' title='bbox 951 907 1082 974; x_wconf 90' lang='lat' dir='ltr'>Iacobo</span> <span class='ocrx_word' id='word_1_48' title='bbox 1104 915 1233 992; x_wconf 88' lang='lat' dir='ltr'>amata,</span> <span class='ocrx_word' id='word_1_49' title='bbox 1256 910 1315 975; x_wconf 89' lang='lat' dir='ltr'>diu</span> 
     </span>
     <span class='ocr_line' id='line_1_7' title="bbox 139 1008 1316 1094; baseline -0.002 -14"><span class='ocrx_word' id='word_1_50' title='bbox 139 1009 247 1080; x_wconf 81' lang='lat' dir='ltr'>sterilis</span> <span class='ocrx_word' id='word_1_51' title='bbox 272 1008 356 1091; x_wconf 83' lang='lat' dir='ltr'>suit,</span> <span class='ocrx_word' id='word_1_52' title='bbox 383 1015 419 1074; x_wconf 90' lang='lat' dir='ltr'>et</span> <span class='ocrx_word' id='word_1_53' title='bbox 442 1016 558 1075; x_wconf 89' lang='lat' dir='ltr'>tamen</span> <span class='ocrx_word' id='word_1_54' title='bbox 583 1008 714 1094; x_wconf 91' lang='lat' dir='ltr'>Ioseph</span> <span class='ocrx_word' id='word_1_55' title='bbox 740 1012 877 1094; x_wconf 89' lang='lat' dir='ltr'>genuit,</span> <span class='ocrx_word' id='word_1_56' title='bbox 904 1031 974 1074; x_wconf 93' lang='lat' dir='ltr'>non</span> <span class='ocrx_word' id='word_1_57' title='bbox 1000 1011 1113 1075; x_wconf 92' lang='lat' dir='ltr'>solum</span> <span class='ocrx_word' id='word_1_58' title='bbox 1139 1012 1316 1079; x_wconf 91' lang='lat' dir='ltr'>dominum</span> 
     </span>
     <span class='ocr_line' id='line_1_8' title="bbox 137 1113 1318 1199; baseline -0.002 -15"><span class='ocrx_word' id='word_1_59' title='bbox 137 1115 267 1199; x_wconf 76' lang='lat' dir='ltr'>Aegypti</span> <span class='ocrx_word' id='word_1_60' title='bbox 290 1113 352 1179; x_wconf 88' lang='lat' dir='ltr'>sed</span> <span class='ocrx_word' id='word_1_61' title='bbox 373 1113 600 1198; x_wconf 85' lang='lat' dir='ltr'>plurimarum</span> <span class='ocrx_word' id='word_1_62' title='bbox 617 1115 772 1198; x_wconf 90' lang='lat' dir='ltr'>gentium</span> <span class='ocrx_word' id='word_1_63' title='bbox 796 1114 885 1179; x_wconf 91' lang='lat' dir='ltr'>fame</span> <span class='ocrx_word' id='word_1_64' title='bbox 902 1116 1137 1196; x_wconf 88' lang='lat' dir='ltr'>periturarum</span> <span class='ocrx_word' id='word_1_65' title='bbox 1154 1115 1318 1182; x_wconf 89' lang='lat' dir='ltr'>liberato·</span> 
     </span>
     <span class='ocr_line' id='line_1_9' title="bbox 138 1215 1318 1301; baseline -0.001 -16"><span class='ocrx_word' id='word_1_66' title='bbox 138 1241 201 1287; x_wconf 90' lang='lat' dir='ltr'>rem.</span> <span class='ocrx_word' id='word_1_67' title='bbox 231 1215 319 1301; x_wconf 82' lang='lat' dir='ltr'>Quis</span> <span class='ocrx_word' id='word_1_68' title='bbox 342 1218 378 1281; x_wconf 92' lang='lat' dir='ltr'>in</span> <span class='ocrx_word' id='word_1_69' title='bbox 404 1217 552 1282; x_wconf 87' lang='lat' dir='ltr'>ducibus</span> <span class='ocrx_word' id='word_1_70' title='bbox 573 1218 628 1284; x_wconf 89' lang='lat' dir='ltr'>vel</span> <span class='ocrx_word' id='word_1_71' title='bbox 649 1218 776 1283; x_wconf 86' lang='lat' dir='ltr'>fortior</span> <span class='ocrx_word' id='word_1_72' title='bbox 792 1216 985 1300; x_wconf 84' lang='lat' dir='ltr'>Sampsone</span> <span class='ocrx_word' id='word_1_73' title='bbox 1006 1218 1061 1283; x_wconf 90' lang='lat' dir='ltr'>vel</span> <span class='ocrx_word' id='word_1_74' title='bbox 1082 1220 1237 1284; x_wconf 83' lang='lat' dir='ltr'>sanctior</span> <span class='ocrx_word' id='word_1_75' title='bbox 1258 1219 1318 1287; x_wconf 86' lang='lat' dir='ltr'>Sa-</span> 
     </span>
     <span class='ocr_line' id='line_1_10' title="bbox 138 1317 1316 1406; baseline -0.002 -17"><span class='ocrx_word' id='word_1_76' title='bbox 138 1317 251 1389; x_wconf 81' lang='lat' dir='ltr'>muele?</span> <span class='ocrx_word' id='word_1_77' title='bbox 276 1327 312 1385; x_wconf 93' lang='lat' dir='ltr'>et</span> <span class='ocrx_word' id='word_1_78' title='bbox 333 1326 450 1385; x_wconf 88' lang='lat' dir='ltr'>tamen</span> <span class='ocrx_word' id='word_1_79' title='bbox 471 1320 507 1384; x_wconf 93' lang='lat' dir='ltr'>hi</span> <span class='ocrx_word' id='word_1_80' title='bbox 530 1321 630 1387; x_wconf 91' lang='lat' dir='ltr'>ambo</span> <span class='ocrx_word' id='word_1_81' title='bbox 653 1320 792 1386; x_wconf 91' lang='lat' dir='ltr'>steriles</span> <span class='ocrx_word' id='word_1_82' title='bbox 813 1327 941 1386; x_wconf 88' lang='lat' dir='ltr'>matres</span> <span class='ocrx_word' id='word_1_83' title='bbox 963 1319 1128 1386; x_wconf 89' lang='lat' dir='ltr'>habuere.</span> <span class='ocrx_word' id='word_1_84' title='bbox 1174 1319 1212 1386; x_wconf 80' lang='lat' dir='ltr'>si</span> <span class='ocrx_word' id='word_1_85' title='bbox 1234 1343 1316 1406; x_wconf 90' lang='lat' dir='ltr'>ergo</span> 
     </span>
     <span class='ocr_line' id='line_1_11' title="bbox 138 1423 1318 1507; baseline -0.002 -15"><span class='ocrx_word' id='word_1_86' title='bbox 138 1426 208 1492; x_wconf 83' lang='lat' dir='ltr'>ratio</span> <span class='ocrx_word' id='word_1_87' title='bbox 225 1423 340 1489; x_wconf 91' lang='lat' dir='ltr'>verbis</span> <span class='ocrx_word' id='word_1_88' title='bbox 362 1423 449 1489; x_wconf 89' lang='lat' dir='ltr'>meis</span> <span class='ocrx_word' id='word_1_89' title='bbox 471 1423 536 1489; x_wconf 90' lang='lat' dir='ltr'>tihi</span> <span class='ocrx_word' id='word_1_90' title='bbox 558 1445 628 1489; x_wconf 90' lang='lat' dir='ltr'>nou</span> <span class='ocrx_word' id='word_1_91' title='bbox 649 1424 855 1507; x_wconf 87' lang='lat' dir='ltr'>persuadet,</span> <span class='ocrx_word' id='word_1_92' title='bbox 882 1425 984 1489; x_wconf 91' lang='lat' dir='ltr'>crede</span> <span class='ocrx_word' id='word_1_93' title='bbox 1006 1424 1134 1489; x_wconf 89' lang='lat' dir='ltr'>dilatos</span> <span class='ocrx_word' id='word_1_94' title='bbox 1156 1423 1216 1488; x_wconf 92' lang='lat' dir='ltr'>diu</span> <span class='ocrx_word' id='word_1_95' title='bbox 1239 1446 1318 1490; x_wconf 91' lang='lat' dir='ltr'>con-</span> 
     </span>
     <span class='ocr_line' id='line_1_12' title="bbox 139 1526 1317 1611; baseline -0.003 -16"><span class='ocrx_word' id='word_1_96' title='bbox 139 1532 238 1611; x_wconf 87' lang='lat' dir='ltr'>ceptus</span> <span class='ocrx_word' id='word_1_97' title='bbox 259 1531 297 1591; x_wconf 90' lang='lat' dir='ltr'>et</span> <span class='ocrx_word' id='word_1_98' title='bbox 314 1526 454 1592; x_wconf 88' lang='lat' dir='ltr'>steriles</span> <span class='ocrx_word' id='word_1_99' title='bbox 471 1532 593 1609; x_wconf 90' lang='lat' dir='ltr'>partus</span> <span class='ocrx_word' id='word_1_100' title='bbox 609 1527 844 1592; x_wconf 91' lang='lat' dir='ltr'>mirabiliores</span> <span class='ocrx_word' id='word_1_101' title='bbox 867 1547 944 1593; x_wconf 91' lang='lat' dir='ltr'>esse</span> <span class='ocrx_word' id='word_1_102' title='bbox 963 1527 1087 1592; x_wconf 91' lang='lat' dir='ltr'>solere.</span> <span class='ocrx_word' id='word_1_103' title='bbox 1134 1527 1145 1560; x_wconf 82' lang='lat'>³</span> <span class='ocrx_word' id='word_1_104' title='bbox 1161 1526 1317 1591; x_wconf 93' lang='lat' dir='ltr'>Proinde</span> 
     </span>
     <span class='ocr_line' id='line_1_13' title="bbox 138 1628 1319 1712; baseline -0.003 -15"><span class='ocrx_word' id='word_1_105' title='bbox 138 1631 222 1697; x_wconf 82' lang='lat' dir='ltr'>Anna</span> <span class='ocrx_word' id='word_1_106' title='bbox 240 1649 329 1694; x_wconf 88' lang='lat' dir='ltr'>uxor</span> <span class='ocrx_word' id='word_1_107' title='bbox 349 1636 411 1694; x_wconf 89' lang='lat' dir='ltr'>tua</span> <span class='ocrx_word' id='word_1_108' title='bbox 429 1631 545 1712; x_wconf 89' lang='lat' dir='ltr'>pariet</span> <span class='ocrx_word' id='word_1_109' title='bbox 564 1630 631 1694; x_wconf 90' lang='lat' dir='ltr'>tibi</span> <span class='ocrx_word' id='word_1_110' title='bbox 648 1629 768 1711; x_wconf 90' lang='lat' dir='ltr'>filiam,</span> <span class='ocrx_word' id='word_1_111' title='bbox 793 1635 828 1695; x_wconf 91' lang='lat' dir='ltr'>et</span> <span class='ocrx_word' id='word_1_112' title='bbox 841 1630 982 1696; x_wconf 89' lang='lat' dir='ltr'>vocabis</span> <span class='ocrx_word' id='word_1_113' title='bbox 1005 1649 1131 1693; x_wconf 91' lang='lat' dir='ltr'>nomen</span> <span class='ocrx_word' id='word_1_114' title='bbox 1153 1628 1229 1693; x_wconf 90' lang='lat' dir='ltr'>eius</span> <span class='ocrx_word' id='word_1_115' title='bbox 1244 1629 1319 1694; x_wconf 90' lang='lat' dir='ltr'>Ma·</span> 
     </span>
     <span class='ocr_line' id='line_1_14' title="bbox 139 1732 1319 1815; baseline -0.004 -14"><span class='ocrx_word' id='word_1_116' title='bbox 139 1737 218 1801; x_wconf 87' lang='lat' dir='ltr'>riam:</span> <span class='ocrx_word' id='word_1_117' title='bbox 234 1733 320 1798; x_wconf 92' lang='lat' dir='ltr'>haec</span> <span class='ocrx_word' id='word_1_118' title='bbox 338 1733 415 1814; x_wconf 91' lang='lat' dir='ltr'>erit,</span> <span class='ocrx_word' id='word_1_119' title='bbox 432 1739 472 1797; x_wconf 89' lang='lat' dir='ltr'>ut</span> <span class='ocrx_word' id='word_1_120' title='bbox 486 1733 640 1815; x_wconf 83' lang='lat' dir='ltr'>vovistis,</span> <span class='ocrx_word' id='word_1_121' title='bbox 657 1732 701 1798; x_wconf 90' lang='lat' dir='ltr'>ab</span> <span class='ocrx_word' id='word_1_122' title='bbox 718 1733 870 1798; x_wconf 89' lang='lat' dir='ltr'>infantia</span> <span class='ocrx_word' id='word_1_123' title='bbox 886 1755 949 1799; x_wconf 89' lang='lat' dir='ltr'>sua</span> <span class='ocrx_word' id='word_1_124' title='bbox 960 1732 1101 1798; x_wconf 90' lang='lat' dir='ltr'>domino</span> <span class='ocrx_word' id='word_1_125' title='bbox 1115 1738 1319 1796; x_wconf 89' lang='lat' dir='ltr'>consecrata</span> 
     </span>
     <span class='ocr_line' id='line_1_15' title="bbox 140 1833 1316 1919; baseline -0.002 -16"><span class='ocrx_word' id='word_1_126' title='bbox 140 1845 166 1903; x_wconf 90' lang='lat' dir='ltr'>et</span> <span class='ocrx_word' id='word_1_127' title='bbox 184 1835 303 1917; x_wconf 88' lang='lat' dir='ltr'>spiritu</span> <span class='ocrx_word' id='word_1_128' title='bbox 329 1843 450 1901; x_wconf 91' lang='lat' dir='ltr'>sancto</span> <span class='ocrx_word' id='word_1_129' title='bbox 476 1837 673 1919; x_wconf 82' lang='lat' dir='ltr'>replebitur</span> <span class='ocrx_word' id='word_1_130' title='bbox 697 1837 811 1902; x_wconf 90' lang='lat' dir='ltr'>adhuc</span> <span class='ocrx_word' id='word_1_131' title='bbox 838 1858 879 1902; x_wconf 82' lang='lat' dir='ltr'>ex</span> <span class='ocrx_word' id='word_1_132' title='bbox 903 1843 1003 1901; x_wconf 89' lang='lat' dir='ltr'>utero</span> <span class='ocrx_word' id='word_1_133' title='bbox 1027 1836 1158 1900; x_wconf 91' lang='lat' dir='ltr'>matris.</span> <span class='ocrx_word' id='word_1_134' title='bbox 1206 1833 1316 1901; x_wconf 89' lang='lat' dir='ltr'>Omne</span> 
     </span>
     <span class='ocr_line' id='line_1_16' title="bbox 139 1936 1319 2022; baseline -0.003 -17"><span class='ocrx_word' id='word_1_135' title='bbox 139 1936 330 2005; x_wconf 90' lang='lat' dir='ltr'>inmundum</span> <span class='ocrx_word' id='word_1_136' title='bbox 348 1958 461 2021; x_wconf 90' lang='lat' dir='ltr'>neque</span> <span class='ocrx_word' id='word_1_137' title='bbox 475 1939 702 2005; x_wconf 84' lang='lat' dir='ltr'>manducabit</span> <span class='ocrx_word' id='word_1_138' title='bbox 717 1959 832 2022; x_wconf 89' lang='lat' dir='ltr'>neque</span> <span class='ocrx_word' id='word_1_139' title='bbox 848 1938 957 2021; x_wconf 88' lang='lat' dir='ltr'>bibet,</span> <span class='ocrx_word' id='word_1_140' title='bbox 975 1959 1088 2021; x_wconf 91' lang='lat' dir='ltr'>neque</span> <span class='ocrx_word' id='word_1_141' title='bbox 1106 1939 1319 2022; x_wconf 87' lang='lat' dir='ltr'>interpopu-</span> 
     </span>
     <span class='ocr_line' id='line_1_17' title="bbox 140 2039 1318 2126; baseline 0 -20"><span class='ocrx_word' id='word_1_142' title='bbox 140 2042 209 2107; x_wconf 86' lang='lat' dir='ltr'>lares</span> <span class='ocrx_word' id='word_1_143' title='bbox 224 2039 421 2106; x_wconf 89' lang='lat' dir='ltr'>forinsecus</span> <span class='ocrx_word' id='word_1_144' title='bbox 438 2041 558 2107; x_wconf 84' lang='lat' dir='ltr'>turbas</span> <span class='ocrx_word' id='word_1_145' title='bbox 576 2042 637 2107; x_wconf 92' lang='lat' dir='ltr'>sed</span> <span class='ocrx_word' id='word_1_146' title='bbox 654 2043 690 2107; x_wconf 91' lang='lat' dir='ltr'>in</span> <span class='ocrx_word' id='word_1_147' title='bbox 707 2042 836 2126; x_wconf 91' lang='lat' dir='ltr'>templo</span> <span class='ocrx_word' id='word_1_148' title='bbox 858 2042 990 2108; x_wconf 93' lang='lat' dir='ltr'>domini</span> <span class='ocrx_word' id='word_1_149' title='bbox 1007 2043 1224 2108; x_wconf 90' lang='lat' dir='ltr'>conversatio</span> <span class='ocrx_word' id='word_1_150' title='bbox 1242 2042 1318 2106; x_wconf 93' lang='lat' dir='ltr'>eius</span> 
     </span>
     <span class='ocr_line' id='line_1_18' title="bbox 141 2144 1319 2228; baseline -0.003 -18"><span class='ocrx_word' id='word_1_151' title='bbox 141 2145 202 2225; x_wconf 87' lang='lat' dir='ltr'>erit,</span> <span class='ocrx_word' id='word_1_152' title='bbox 222 2164 264 2208; x_wconf 91' lang='lat' dir='ltr'>ne</span> <span class='ocrx_word' id='word_1_153' title='bbox 288 2145 373 2228; x_wconf 92' lang='lat' dir='ltr'>quid</span> <span class='ocrx_word' id='word_1_154' title='bbox 396 2145 438 2209; x_wconf 92' lang='lat' dir='ltr'>de</span> <span class='ocrx_word' id='word_1_155' title='bbox 464 2166 504 2210; x_wconf 89' lang='lat' dir='ltr'>ea</span> <span class='ocrx_word' id='word_1_156' title='bbox 525 2145 706 2211; x_wconf 91' lang='lat' dir='ltr'>sinistrum</span> <span class='ocrx_word' id='word_1_157' title='bbox 721 2145 776 2210; x_wconf 82' lang='lat' dir='ltr'>vel</span> <span class='ocrx_word' id='word_1_158' title='bbox 798 2146 971 2228; x_wconf 86' lang='lat' dir='ltr'>suspicari</span> <span class='ocrx_word' id='word_1_159' title='bbox 993 2146 1116 2212; x_wconf 90' lang='lat' dir='ltr'>saltem</span> <span class='ocrx_word' id='word_1_160' title='bbox 1137 2145 1250 2228; x_wconf 86' lang='lat' dir='ltr'>possit</span> <span class='ocrx_word' id='word_1_161' title='bbox 1265 2144 1319 2208; x_wconf 93' lang='lat' dir='ltr'>vel</span> 
     </span>
     <span class='ocr_line' id='line_1_19' title="bbox 142 2246 1319 2333; baseline -0.003 -19"><span class='ocrx_word' id='word_1_162' title='bbox 142 2248 201 2314; x_wconf 88' lang='lat' dir='ltr'>lici.</span> <span class='ocrx_word' id='word_1_163' title='bbox 221 2246 348 2332; x_wconf 89' lang='lat' dir='ltr'>Itaque</span> <span class='ocrx_word' id='word_1_164' title='bbox 365 2255 479 2314; x_wconf 90' lang='lat' dir='ltr'>aetate</span> <span class='ocrx_word' id='word_1_165' title='bbox 496 2250 710 2332; x_wconf 87' lang='lat' dir='ltr'>procedente</span> <span class='ocrx_word' id='word_1_166' title='bbox 728 2251 820 2314; x_wconf 90' lang='lat' dir='ltr'>sicut</span> <span class='ocrx_word' id='word_1_167' title='bbox 835 2250 912 2333; x_wconf 92' lang='lat' dir='ltr'>ipsa</span> <span class='ocrx_word' id='word_1_168' title='bbox 928 2249 1137 2314; x_wconf 90' lang='lat' dir='ltr'>mirabiliter</span> <span class='ocrx_word' id='word_1_169' title='bbox 1153 2269 1194 2313; x_wconf 84' lang='lat' dir='ltr'>ex</span> <span class='ocrx_word' id='word_1_170' title='bbox 1205 2246 1319 2313; x_wconf 87' lang='lat' dir='ltr'>sterili</span> 
     </span>
     <span class='ocr_line' id='line_1_20' title="bbox 141 2351 1318 2436; baseline -0.003 -18"><span class='ocrx_word' id='word_1_171' title='bbox 141 2356 290 2433; x_wconf 84' lang='lat' dir='ltr'>nascetur,</span> <span class='ocrx_word' id='word_1_172' title='bbox 308 2353 358 2417; x_wconf 89' lang='lat' dir='ltr'>ita</span> <span class='ocrx_word' id='word_1_173' title='bbox 372 2352 697 2435; x_wconf 89' lang='lat' dir='ltr'>incomparabiliter</span> <span class='ocrx_word' id='word_1_174' title='bbox 705 2353 802 2436; x_wconf 88' lang='lat' dir='ltr'>virgo</span> <span class='ocrx_word' id='word_1_175' title='bbox 818 2353 1003 2436; x_wconf 84' lang='lat' dir='ltr'>generabit</span> <span class='ocrx_word' id='word_1_176' title='bbox 1018 2351 1181 2417; x_wconf 87' lang='lat' dir='ltr'>altissimi</span> <span class='ocrx_word' id='word_1_177' title='bbox 1198 2351 1318 2432; x_wconf 90' lang='lat' dir='ltr'>filium,</span> 
     </span>
     <span class='ocr_line' id='line_1_21' title="bbox 142 2453 1320 2539; baseline -0.001 -21"><span class='ocrx_word' id='word_1_178' title='bbox 142 2455 187 2539; x_wconf 87' lang='lat' dir='ltr'>qui</span> <span class='ocrx_word' id='word_1_179' title='bbox 198 2454 295 2519; x_wconf 89' lang='lat' dir='ltr'>Iesus</span> <span class='ocrx_word' id='word_1_180' title='bbox 312 2455 510 2519; x_wconf 89' lang='lat' dir='ltr'>vocabitur:</span> <span class='ocrx_word' id='word_1_181' title='bbox 528 2455 720 2519; x_wconf 88' lang='lat' dir='ltr'>secundum</span> <span class='ocrx_word' id='word_1_182' title='bbox 737 2455 888 2520; x_wconf 89' lang='lat' dir='ltr'>nominis</span> <span class='ocrx_word' id='word_1_183' title='bbox 906 2454 1150 2539; x_wconf 85' lang='lat' dir='ltr'>etymologiam</span> <span class='ocrx_word' id='word_1_184' title='bbox 1168 2453 1320 2518; x_wconf 88' lang='lat' dir='ltr'>salvator</span> 
     </span>
     <span class='ocr_line' id='line_1_22' title="bbox 144 2557 1318 2640; baseline -0.003 -16"><span class='ocrx_word' id='word_1_185' title='bbox 144 2558 270 2624; x_wconf 90' lang='lat' dir='ltr'>omnium</span> <span class='ocrx_word' id='word_1_186' title='bbox 296 2558 453 2640; x_wconf 90' lang='lat' dir='ltr'>gentium</span> <span class='ocrx_word' id='word_1_187' title='bbox 480 2558 557 2623; x_wconf 91' lang='lat' dir='ltr'>erit.</span> <span class='ocrx_word' id='word_1_188' title='bbox 603 2558 679 2622; x_wconf 71' lang='grc' dir='ltr'>*ΕΙ</span> <span class='ocrx_word' id='word_1_189' title='bbox 702 2558 770 2623; x_wconf 93' lang='lat' dir='ltr'>hoc</span> <span class='ocrx_word' id='word_1_190' title='bbox 794 2557 861 2623; x_wconf 90' lang='lat' dir='ltr'>tibi</span> <span class='ocrx_word' id='word_1_191' title='bbox 887 2579 1006 2623; x_wconf 93' lang='lat' dir='ltr'>eorum</span> <span class='ocrx_word' id='word_1_192' title='bbox 1032 2576 1121 2640; x_wconf 88' lang='lat' dir='ltr'>quae</span> <span class='ocrx_word' id='word_1_193' title='bbox 1146 2557 1318 2621; x_wconf 89' lang='lat' dir='ltr'>annuntio</span> 
     </span>
     <span class='ocr_line' id='line_1_23' title="bbox 144 2660 1320 2746; baseline -0.003 -20"><span class='ocrx_word' id='word_1_194' title='bbox 144 2663 255 2745; x_wconf 83' lang='lat' dir='ltr'>signum</span> <span class='ocrx_word' id='word_1_195' title='bbox 271 2663 352 2742; x_wconf 90' lang='lat' dir='ltr'>erit,</span> <span class='ocrx_word' id='word_1_196' title='bbox 376 2682 454 2726; x_wconf 92' lang='lat' dir='ltr'>cum</span> <span class='ocrx_word' id='word_1_197' title='bbox 469 2665 670 2746; x_wconf 83' lang='lat' dir='ltr'>perveneris</span> <span class='ocrx_word' id='word_1_198' title='bbox 691 2661 735 2726; x_wconf 91' lang='lat' dir='ltr'>ad</span> <span class='ocrx_word' id='word_1_199' title='bbox 756 2682 896 2727; x_wconf 89' lang='lat' dir='ltr'>auream</span> <span class='ocrx_word' id='word_1_200' title='bbox 917 2663 954 2725; x_wconf 92' lang='lat' dir='ltr'>in</span> <span class='ocrx_word' id='word_1_201' title='bbox 970 2660 1226 2743; x_wconf 83' lang='lat' dir='ltr'>Hierosolymis</span> <span class='ocrx_word' id='word_1_202' title='bbox 1242 2681 1320 2744; x_wconf 90' lang='lat' dir='ltr'>por-</span> 
     </span>
     <span class='ocr_line' id='line_1_24' title="bbox 144 2763 1318 2846; baseline -0.003 -17"><span class='ocrx_word' id='word_1_203' title='bbox 144 2771 207 2846; x_wconf 85' lang='lat' dir='ltr'>tam,</span> <span class='ocrx_word' id='word_1_204' title='bbox 226 2763 369 2829; x_wconf 87' lang='lat' dir='ltr'>habebis</span> <span class='ocrx_word' id='word_1_205' title='bbox 391 2765 441 2830; x_wconf 94' lang='lat' dir='ltr'>ibi</span> <span class='ocrx_word' id='word_1_206' title='bbox 465 2765 599 2830; x_wconf 89' lang='lat' dir='ltr'>obviam</span> <span class='ocrx_word' id='word_1_207' title='bbox 615 2763 754 2829; x_wconf 89' lang='lat' dir='ltr'>Annam</span> <span class='ocrx_word' id='word_1_208' title='bbox 777 2785 918 2830; x_wconf 86' lang='lat' dir='ltr'>uxorem</span> <span class='ocrx_word' id='word_1_209' title='bbox 939 2771 1048 2845; x_wconf 89' lang='lat' dir='ltr'>tuam,</span> <span class='ocrx_word' id='word_1_210' title='bbox 1071 2783 1160 2846; x_wconf 90' lang='lat' dir='ltr'>quae</span> <span class='ocrx_word' id='word_1_211' title='bbox 1178 2763 1220 2827; x_wconf 90' lang='lat' dir='ltr'>de</span> <span class='ocrx_word' id='word_1_212' title='bbox 1237 2769 1318 2827; x_wconf 90' lang='lat' dir='ltr'>tuae</span> 
     </span>
     <span class='ocr_line' id='line_1_25' title="bbox 144 2865 1319 2950; baseline -0.002 -20"><span class='ocrx_word' id='word_1_213' title='bbox 144 2867 349 2950; x_wconf 88' lang='lat' dir='ltr'>regressionis</span> <span class='ocrx_word' id='word_1_214' title='bbox 371 2867 570 2933; x_wconf 87' lang='lat' dir='ltr'>tardatione</span> <span class='ocrx_word' id='word_1_215' title='bbox 591 2867 693 2933; x_wconf 93' lang='lat' dir='ltr'>modo</span> <span class='ocrx_word' id='word_1_216' title='bbox 715 2866 884 2950; x_wconf 89' lang='lat' dir='ltr'>sollicita,</span> <span class='ocrx_word' id='word_1_217' title='bbox 906 2874 990 2932; x_wconf 89' lang='lat' dir='ltr'>tunc</span> <span class='ocrx_word' id='word_1_218' title='bbox 1009 2868 1046 2930; x_wconf 91' lang='lat' dir='ltr'>in</span> <span class='ocrx_word' id='word_1_219' title='bbox 1069 2865 1238 2949; x_wconf 86' lang='lat' dir='ltr'>adspectu</span> <span class='ocrx_word' id='word_1_220' title='bbox 1258 2870 1319 2929; x_wconf 90' lang='lat' dir='ltr'>tuo</span> 
     </span>
     <span class='ocr_line' id='line_1_26' title="bbox 145 2969 991 3054; baseline 0 -21"><span class='ocrx_word' id='word_1_221' title='bbox 145 2969 296 3051; x_wconf 84' lang='lat' dir='ltr'>gaudebit.</span> <span class='ocrx_word' id='word_1_222' title='bbox 328 2970 396 3035; x_wconf 88' lang='lat' dir='ltr'>His</span> <span class='ocrx_word' id='word_1_223' title='bbox 413 2971 518 3037; x_wconf 90' lang='lat' dir='ltr'>dictis</span> <span class='ocrx_word' id='word_1_224' title='bbox 535 2971 681 3054; x_wconf 89' lang='lat' dir='ltr'>angelus</span> <span class='ocrx_word' id='word_1_225' title='bbox 698 2969 864 3036; x_wconf 88' lang='lat' dir='ltr'>discessit</span> <span class='ocrx_word' id='word_1_226' title='bbox 879 2969 922 3035; x_wconf 89' lang='lat' dir='ltr'>ab</span> <span class='ocrx_word' id='word_1_227' title='bbox 940 2991 991 3034; x_wconf 91' lang='lat' dir='ltr'>eo.</span> 
     </span>
    </p>
   </div>
   <div class='ocr_carea' id='block_1_3' title="bbox 616 3191 824 3261">
    <p class='ocr_par' dir='ltr' id='par_1_3' title="bbox 616 3191 824 3261">
     <span class='ocr_line' id='line_1_27' title="bbox 616 3191 824 3261; baseline -0.005 -2"><span class='ocrx_word' id='word_1_228' title='bbox 616 3191 737 3259; x_wconf 71' lang='lat' dir='ltr'>(incur</span> <span class='ocrx_word' id='word_1_229' title='bbox 760 3191 814 3261; x_wconf 86' lang='lat' dir='ltr'>IV</span> <span class='ocrx_word' id='word_1_230' title='bbox 816 3241 824 3258; x_wconf 88' lang='lat'>.</span> 
     </span>
    </p>
   </div>
   <div class='ocr_carea' id='block_1_4' title="bbox 144 3360 1321 4065">
    <p class='ocr_par' dir='ltr' id='par_1_4' title="bbox 144 3360 1321 4065">
     <span class='ocr_line' id='line_1_28' title="bbox 211 3360 1318 3446; baseline -0.001 -19"><span class='ocrx_word' id='word_1_231' title='bbox 211 3360 371 3428; x_wconf 89' lang='lat' dir='ltr'>¹Deinde</span> <span class='ocrx_word' id='word_1_232' title='bbox 398 3365 562 3446; x_wconf 85' lang='lat' dir='ltr'>apparuit</span> <span class='ocrx_word' id='word_1_233' title='bbox 582 3361 708 3429; x_wconf 86' lang='lat' dir='ltr'>Annae</span> <span class='ocrx_word' id='word_1_234' title='bbox 730 3366 830 3430; x_wconf 82' lang='lat' dir='ltr'>uxori</span> <span class='ocrx_word' id='word_1_235' title='bbox 852 3365 927 3429; x_wconf 93' lang='lat' dir='ltr'>eius</span> <span class='ocrx_word' id='word_1_236' title='bbox 951 3363 1086 3427; x_wconf 90' lang='lat' dir='ltr'>dicens:</span> <span class='ocrx_word' id='word_1_237' title='bbox 1116 3360 1170 3426; x_wconf 92' lang='lat' dir='ltr'>Ne</span> <span class='ocrx_word' id='word_1_238' title='bbox 1193 3362 1318 3427; x_wconf 87' lang='lat' dir='ltr'>timeas</span> 
     </span>
     <span class='ocr_line' id='line_1_29' title="bbox 144 3458 1319 3551; baseline 0.004 -26"><span class='ocrx_word' id='word_1_239' title='bbox 144 3458 234 3546; x_wconf 78' lang='lat' dir='ltr'>Anna,</span> <span class='ocrx_word' id='word_1_240' title='bbox 250 3487 364 3550; x_wconf 90' lang='lat' dir='ltr'>neque</span> <span class='ocrx_word' id='word_1_241' title='bbox 381 3465 589 3549; x_wconf 91' lang='lat' dir='ltr'>phantasma</span> <span class='ocrx_word' id='word_1_242' title='bbox 603 3474 706 3550; x_wconf 92' lang='lat' dir='ltr'>putes</span> <span class='ocrx_word' id='word_1_243' title='bbox 724 3489 800 3534; x_wconf 88' lang='lat' dir='ltr'>esse</span> <span class='ocrx_word' id='word_1_244' title='bbox 813 3466 906 3551; x_wconf 92' lang='lat' dir='ltr'>quod</span> <span class='ocrx_word' id='word_1_245' title='bbox 916 3466 1023 3531; x_wconf 89' lang='lat' dir='ltr'>vides.</span> <span class='ocrx_word' id='word_1_246' title='bbox 1046 3465 1123 3548; x_wconf 84' lang='lat' dir='ltr'>Ego</span> <span class='ocrx_word' id='word_1_247' title='bbox 1141 3466 1233 3530; x_wconf 93' lang='lat' dir='ltr'>enim</span> <span class='ocrx_word' id='word_1_248' title='bbox 1244 3487 1319 3530; x_wconf 87' lang='lat' dir='ltr'>sum</span> 
     </span>
     <span class='ocr_line' id='line_1_30' title="bbox 144 3568 1320 3655; baseline 0.005 -28"><span class='ocrx_word' id='word_1_249' title='bbox 144 3568 264 3650; x_wconf 85' lang='lat' dir='ltr'>angelus</span> <span class='ocrx_word' id='word_1_250' title='bbox 284 3568 345 3634; x_wconf 91' lang='lat' dir='ltr'>ille</span> <span class='ocrx_word' id='word_1_251' title='bbox 364 3569 425 3652; x_wconf 89' lang='lat' dir='ltr'>qui</span> <span class='ocrx_word' id='word_1_252' title='bbox 445 3589 568 3652; x_wconf 90' lang='lat' dir='ltr'>preces</span> <span class='ocrx_word' id='word_1_253' title='bbox 591 3576 626 3636; x_wconf 86' lang='lat' dir='ltr'>et</span> <span class='ocrx_word' id='word_1_254' title='bbox 648 3570 885 3655; x_wconf 87' lang='lat' dir='ltr'>eleemosynas</span> <span class='ocrx_word' id='word_1_255' title='bbox 901 3576 1033 3634; x_wconf 89' lang='lat' dir='ltr'>vestras</span> <span class='ocrx_word' id='word_1_256' title='bbox 1052 3568 1164 3633; x_wconf 91' lang='lat' dir='ltr'>obtuli</span> <span class='ocrx_word' id='word_1_257' title='bbox 1183 3569 1221 3633; x_wconf 93' lang='lat' dir='ltr'>iu</span> <span class='ocrx_word' id='word_1_258' title='bbox 1241 3590 1320 3634; x_wconf 91' lang='lat' dir='ltr'>con·</span> 
     </span>
     <span class='ocr_line' id='line_1_31' title="bbox 144 3671 1319 3753; baseline 0.002 -20"><span class='ocrx_word' id='word_1_259' title='bbox 144 3678 242 3752; x_wconf 85' lang='lat' dir='ltr'>spectu</span> <span class='ocrx_word' id='word_1_260' title='bbox 263 3672 337 3753; x_wconf 95' lang='lat' dir='ltr'>dei,</span> <span class='ocrx_word' id='word_1_261' title='bbox 364 3677 400 3736; x_wconf 90' lang='lat' dir='ltr'>et</span> <span class='ocrx_word' id='word_1_262' title='bbox 421 3693 514 3736; x_wconf 90' lang='lat' dir='ltr'>nunc</span> <span class='ocrx_word' id='word_1_263' title='bbox 534 3673 660 3738; x_wconf 89' lang='lat' dir='ltr'>missus</span> <span class='ocrx_word' id='word_1_264' title='bbox 682 3695 757 3738; x_wconf 89' lang='lat' dir='ltr'>sum</span> <span class='ocrx_word' id='word_1_265' title='bbox 782 3673 906 3738; x_wconf 89' lang='lat' dir='ltr'>advos</span> <span class='ocrx_word' id='word_1_266' title='bbox 932 3677 971 3737; x_wconf 91' lang='lat' dir='ltr'>ut</span> <span class='ocrx_word' id='word_1_267' title='bbox 994 3671 1199 3737; x_wconf 90' lang='lat' dir='ltr'>annuntiem</span> <span class='ocrx_word' id='word_1_268' title='bbox 1220 3671 1319 3736; x_wconf 91' lang='lat' dir='ltr'>vobis</span> 
     </span>
     <span class='ocr_line' id='line_1_32' title="bbox 144 3775 1319 3860; baseline 0.003 -24"><span class='ocrx_word' id='word_1_269' title='bbox 144 3775 331 3841; x_wconf 83' lang='lat' dir='ltr'>nascituram</span> <span class='ocrx_word' id='word_1_270' title='bbox 356 3775 465 3841; x_wconf 91' lang='lat' dir='ltr'>filiam</span> <span class='ocrx_word' id='word_1_271' title='bbox 486 3797 576 3860; x_wconf 91' lang='lat' dir='ltr'>quae</span> <span class='ocrx_word' id='word_1_272' title='bbox 596 3776 712 3842; x_wconf 90' lang='lat' dir='ltr'>Maria</span> <span class='ocrx_word' id='word_1_273' title='bbox 735 3783 857 3843; x_wconf 88' lang='lat' dir='ltr'>vocata</span> <span class='ocrx_word' id='word_1_274' title='bbox 881 3797 985 3859; x_wconf 90' lang='lat' dir='ltr'>super</span> <span class='ocrx_word' id='word_1_275' title='bbox 1010 3796 1130 3841; x_wconf 89' lang='lat' dir='ltr'>omnes</span> <span class='ocrx_word' id='word_1_276' title='bbox 1154 3775 1319 3840; x_wconf 91' lang='lat' dir='ltr'>mulieres</span> 
     </span>
     <span class='ocr_line' id='line_1_33' title="bbox 146 3876 1321 3962; baseline 0.004 -24"><span class='ocrx_word' id='word_1_277' title='bbox 146 3876 197 3940; x_wconf 86' lang='lat' dir='ltr'>erit</span> <span class='ocrx_word' id='word_1_278' title='bbox 211 3877 405 3944; x_wconf 89' lang='lat' dir='ltr'>benedicta.</span> <span class='ocrx_word' id='word_1_279' title='bbox 444 3877 545 3944; x_wconf 90' lang='lat' dir='ltr'>Haec</span> <span class='ocrx_word' id='word_1_280' title='bbox 572 3901 593 3944; x_wconf 91' lang='lat' dir='ltr'>a</span> <span class='ocrx_word' id='word_1_281' title='bbox 614 3880 795 3944; x_wconf 90' lang='lat' dir='ltr'>nativitate</span> <span class='ocrx_word' id='word_1_282' title='bbox 822 3901 885 3945; x_wconf 91' lang='lat' dir='ltr'>sua</span> <span class='ocrx_word' id='word_1_283' title='bbox 909 3879 1026 3944; x_wconf 88' lang='lat' dir='ltr'>statim</span> <span class='ocrx_word' id='word_1_284' title='bbox 1050 3878 1182 3943; x_wconf 91' lang='lat' dir='ltr'>domini</span> <span class='ocrx_word' id='word_1_285' title='bbox 1206 3880 1321 3962; x_wconf 88' lang='lat' dir='ltr'>gratia</span> 
     </span>
     <span class='ocr_line' id='line_1_34' title="bbox 145 3976 1320 4065; baseline 0.003 -24"><span class='ocrx_word' id='word_1_286' title='bbox 145 3976 241 4064; x_wconf 88' lang='lat' dir='ltr'>plena,</span> <span class='ocrx_word' id='word_1_287' title='bbox 260 3981 374 4046; x_wconf 92' lang='lat' dir='ltr'>tribus</span> <span class='ocrx_word' id='word_1_288' title='bbox 397 3982 644 4047; x_wconf 89' lang='lat' dir='ltr'>ablactationis</span> <span class='ocrx_word' id='word_1_289' title='bbox 668 4003 750 4047; x_wconf 90' lang='lat' dir='ltr'>suae</span> <span class='ocrx_word' id='word_1_290' title='bbox 773 3984 874 4047; x_wconf 88' lang='lat' dir='ltr'>annis</span> <span class='ocrx_word' id='word_1_291' title='bbox 898 3983 934 4047; x_wconf 95' lang='lat' dir='ltr'>in</span> <span class='ocrx_word' id='word_1_292' title='bbox 956 3982 1056 4048; x_wconf 91' lang='lat' dir='ltr'>domo</span> <span class='ocrx_word' id='word_1_293' title='bbox 1077 3989 1225 4065; x_wconf 87' lang='lat' dir='ltr'>paterna</span> <span class='ocrx_word' id='word_1_294' title='bbox 1244 4003 1320 4065; x_wconf 91' lang='lat' dir='ltr'>per·</span> 
     </span>
    </p>
   </div>
   <div class='ocr_carea' id='block_1_5' title="bbox 149 4101 330 4113">
    <p class='ocr_par' dir='ltr' id='par_1_5' title="bbox 149 4101 330 4113">
     <span class='ocr_line' id='line_1_35' title="bbox 149 4101 330 4113; baseline 0.011 -5"><span class='ocrx_word' id='word_1_295' title='bbox 149 4101 330 4113; x_wconf 34' lang='lat' dir='ltr'>k...</span> 
     </span>
    </p>
   </div>
   <div class='ocr_carea' id='block_1_6' title="bbox 149 4155 1321 4635">
    <p class='ocr_par' dir='ltr' id='par_1_6' title="bbox 149 4155 1321 4635">
     <span class='ocr_line' id='line_1_36' title="bbox 199 4155 1320 4222; baseline -0.001 -16"><span class='ocrx_word' id='word_1_296' title='bbox 199 4158 219 4206; x_wconf 78' lang='grc' dir='ltr'>Ι.</span> <span class='ocrx_word' id='word_1_297' title='bbox 235 4157 306 4208; x_wconf 74' lang='lat' dir='ltr'>llaec</span> <span class='ocrx_word' id='word_1_298' title='bbox 319 4158 386 4208; x_wconf 76' lang='lat' dir='ltr'>alibi</span> <span class='ocrx_word' id='word_1_299' title='bbox 399 4174 454 4208; x_wconf 92' lang='lat' dir='ltr'>non</span> <span class='ocrx_word' id='word_1_300' title='bbox 467 4159 652 4208; x_wconf 87' lang='lat' dir='ltr'>inveniuntur.</span> <span class='ocrx_word' id='word_1_301' title='bbox 671 4158 722 4207; x_wconf 90' lang='lat' dir='ltr'>Pro</span> <span class='ocrx_word' id='word_1_302' title='bbox 735 4162 823 4207; x_wconf 69' lang='lat' dir='ltr'>roomo</span> <span class='ocrx_word' id='word_1_303' title='bbox 835 4158 930 4207; x_wconf 81' lang='lat' dir='ltr'>Iacobo</span> <span class='ocrx_word' id='word_1_304' title='bbox 943 4158 1001 4207; x_wconf 83' lang='lat' dir='ltr'>Par.</span> <span class='ocrx_word' id='word_1_305' title='bbox 1014 4160 1070 4209; x_wconf 75' lang='lat' dir='ltr'>otro</span> <span class='ocrx_word' id='word_1_306' title='bbox 1082 4174 1127 4208; x_wconf 77' lang='lat' dir='ltr'>rao</span> <span class='ocrx_word' id='word_1_307' title='bbox 1141 4155 1145 4220; x_wconf 79' lang='lat' dir='ltr'>l</span> <span class='ocrx_word' id='word_1_308' title='bbox 1161 4157 1320 4222; x_wconf 75' lang='lat' dir='ltr'>velfortior:</span> 
     </span>
     <span class='ocr_line' id='line_1_37' title="bbox 149 4236 1282 4308; baseline 0 -18"><span class='ocrx_word' id='word_1_309' title='bbox 149 4236 195 4290; x_wconf 70' lang='lat' dir='ltr'>Pur.</span> <span class='ocrx_word' id='word_1_310' title='bbox 204 4257 247 4293; x_wconf 81' lang='lat' dir='ltr'>om·</span> <span class='ocrx_word' id='word_1_311' title='bbox 258 4244 298 4293; x_wconf 78' lang='lat' dir='ltr'>vel</span> <span class='ocrx_word' id='word_1_312' title='bbox 311 4240 315 4308; x_wconf 79' lang='grc' dir='ltr'><strong>Ι</strong></span> <span class='ocrx_word' id='word_1_313' title='bbox 330 4245 405 4293; x_wconf 67' lang='grc' dir='ltr'>(πάι</span> <span class='ocrx_word' id='word_1_314' title='bbox 417 4257 476 4294; x_wconf 88' lang='lat' dir='ltr'>cum</span> <span class='ocrx_word' id='word_1_315' title='bbox 489 4243 561 4294; x_wconf 82' lang='lat' dir='ltr'>Vall.</span> <span class='ocrx_word' id='word_1_316' title='bbox 574 4245 679 4308; x_wconf 76' lang='lat' dir='ltr'>scripsi.</span> <span class='ocrx_word' id='word_1_317' title='bbox 704 4245 792 4294; x_wconf 73' lang='lat' dir='ltr'>Antea</span> <span class='ocrx_word' id='word_1_318' title='bbox 805 4244 908 4292; x_wconf 60' lang='lat' dir='ltr'>medere</span> <span class='ocrx_word' id='word_1_319' title='bbox 920 4244 1058 4294; x_wconf 79' lang='lat' dir='ltr'>edebatur.</span> <span class='ocrx_word' id='word_1_320' title='bbox 1073 4241 1077 4308; x_wconf 87' lang='grc' dir='ltr'>Ι</span> <span class='ocrx_word' id='word_1_321' title='bbox 1091 4244 1149 4292; x_wconf 83' lang='lat' dir='ltr'>dia.-</span> <span class='ocrx_word' id='word_1_322' title='bbox 1161 4242 1219 4291; x_wconf 76' lang='lat' dir='ltr'>Par·</span> <span class='ocrx_word' id='word_1_323' title='bbox 1230 4257 1282 4291; x_wconf 92' lang='lat' dir='ltr'>om.</span> 
     </span>
     <span class='ocr_line' id='line_1_38' title="bbox 201 4326 1321 4395; baseline 0 -18"><span class='ocrx_word' id='word_1_324' title='bbox 201 4330 221 4377; x_wconf 77' lang='lat' dir='ltr'>t.</span> <span class='ocrx_word' id='word_1_325' title='bbox 237 4328 274 4378; x_wconf 77' lang='lat' dir='ltr'>cl.</span> <span class='ocrx_word' id='word_1_326' title='bbox 286 4329 330 4379; x_wconf 80' lang='lat' dir='ltr'>Pr.</span> <span class='ocrx_word' id='word_1_327' title='bbox 343 4330 443 4380; x_wconf 66' lang='lat' dir='ltr'>March.</span> <span class='ocrx_word' id='word_1_328' title='bbox 457 4329 509 4388; x_wconf 87' lang='lat'>111,</span> <span class='ocrx_word' id='word_1_329' title='bbox 526 4333 542 4378; x_wconf 78' lang='lat'><strong><em>2</em></strong></span> <span class='ocrx_word' id='word_1_330' title='bbox 559 4333 587 4379; x_wconf 88' lang='lat' dir='ltr'>et</span> <span class='ocrx_word' id='word_1_331' title='bbox 598 4332 623 4378; x_wconf 86' lang='lat'>4.</span> <span class='ocrx_word' id='word_1_332' title='bbox 639 4327 643 4394; x_wconf 77' lang='grc' dir='ltr'><strong>Ι</strong></span> <span class='ocrx_word' id='word_1_333' title='bbox 656 4330 761 4378; x_wconf 63' lang='lat' dir='ltr'>matria:</span> <span class='ocrx_word' id='word_1_334' title='bbox 780 4328 839 4379; x_wconf 74' lang='lat' dir='ltr'>Par.</span> <span class='ocrx_word' id='word_1_335' title='bbox 851 4329 912 4378; x_wconf 76' lang='lat' dir='ltr'>add.</span> <span class='ocrx_word' id='word_1_336' title='bbox 925 4345 986 4378; x_wconf 75' lang='lat' dir='ltr'>auae</span> <span class='ocrx_word' id='word_1_337' title='bbox 1002 4326 1006 4395; x_wconf 91' lang='grc' dir='ltr'><strong>Ι</strong></span> <span class='ocrx_word' id='word_1_338' title='bbox 1019 4330 1153 4380; x_wconf 69' lang='lat' dir='ltr'>seeundum</span> <span class='ocrx_word' id='word_1_339' title='bbox 1165 4335 1196 4377; x_wconf 89' lang='lat' dir='ltr'>ut</span> <span class='ocrx_word' id='word_1_340' title='bbox 1209 4327 1279 4378; x_wconf 76' lang='lat' dir='ltr'>vul.</span> <span class='ocrx_word' id='word_1_341' title='bbox 1292 4335 1321 4378; x_wconf 89' lang='lat' dir='ltr'>et</span> 
     </span>
     <span class='ocr_line' id='line_1_39' title="bbox 149 4404 1320 4481; baseline 0.002 -21"><span class='ocrx_word' id='word_1_342' title='bbox 149 4404 203 4469; x_wconf 73' lang='lat' dir='ltr'>Per,</span> <span class='ocrx_word' id='word_1_343' title='bbox 213 4414 281 4465; x_wconf 73' lang='lat' dir='ltr'>Febr.</span> <span class='ocrx_word' id='word_1_344' title='bbox 293 4421 322 4466; x_wconf 87' lang='lat' dir='ltr'>ot</span> <span class='ocrx_word' id='word_1_345' title='bbox 333 4415 404 4466; x_wconf 79' lang='lat' dir='ltr'>Thil.</span> <span class='ocrx_word' id='word_1_346' title='bbox 417 4421 443 4464; x_wconf 79' lang='lat' dir='ltr'>et</span> <span class='ocrx_word' id='word_1_347' title='bbox 453 4416 587 4465; x_wconf 62' lang='lat' dir='ltr'>reundum</span> <span class='ocrx_word' id='word_1_348' title='bbox 600 4413 604 4481; x_wconf 88' lang='grc' dir='ltr'><strong>Ι</strong></span> <span class='ocrx_word' id='word_1_349' title='bbox 620 4415 678 4465; x_wconf 82' lang='lat' dir='ltr'>Par.</span> <span class='ocrx_word' id='word_1_350' title='bbox 691 4414 730 4464; x_wconf 74' lang='lat' dir='ltr'>Et</span> <span class='ocrx_word' id='word_1_351' title='bbox 741 4415 802 4463; x_wconf 76' lang='lat' dir='ltr'>toea</span> <span class='ocrx_word' id='word_1_352' title='bbox 815 4414 861 4463; x_wconf 79' lang='lat' dir='ltr'>tibi</span> <span class='ocrx_word' id='word_1_353' title='bbox 873 4416 996 4465; x_wconf 76' lang='lat' dir='ltr'>annuntio</span> <span class='ocrx_word' id='word_1_354' title='bbox 1007 4430 1141 4479; x_wconf 74' lang='lat' dir='ltr'>eorumque</span> <span class='ocrx_word' id='word_1_355' title='bbox 1151 4415 1250 4478; x_wconf 72' lang='lat' dir='ltr'>olym</span> <span class='ocrx_word' id='word_1_356' title='bbox 1262 4415 1320 4462; x_wconf 80' lang='lat' dir='ltr'>erit.</span> 
     </span>
     <span class='ocr_line' id='line_1_40' title="bbox 203 4496 1321 4566; baseline 0.003 -20"><span class='ocrx_word' id='word_1_357' title='bbox 203 4496 242 4558; x_wconf 83' lang='lat' dir='ltr'>lv,</span> <span class='ocrx_word' id='word_1_358' title='bbox 258 4503 280 4550; x_wconf 93' lang='lat' dir='ltr'>l.</span> <span class='ocrx_word' id='word_1_359' title='bbox 303 4500 422 4552; x_wconf 73' lang='lat' dir='ltr'>Plurima</span> <span class='ocrx_word' id='word_1_360' title='bbox 434 4518 466 4552; x_wconf 87' lang='lat' dir='ltr'>ex</span> <span class='ocrx_word' id='word_1_361' title='bbox 479 4501 521 4550; x_wconf 75' lang='lat' dir='ltr'>hir</span> <span class='ocrx_word' id='word_1_362' title='bbox 533 4500 674 4566; x_wconf 79' lang='lat' dir='ltr'>evangelio</span> <span class='ocrx_word' id='word_1_363' title='bbox 687 4505 780 4550; x_wconf 77' lang='lat' dir='ltr'>ucetm</span> <span class='ocrx_word' id='word_1_364' title='bbox 793 4501 987 4565; x_wconf 67' lang='lat' dir='ltr'>propriumne.</span> <span class='ocrx_word' id='word_1_365' title='bbox 1014 4505 1091 4563; x_wconf 67' lang='lat' dir='ltr'>putee</span> <span class='ocrx_word' id='word_1_366' title='bbox 1102 4515 1154 4549; x_wconf 77' lang='lat' dir='ltr'>erre</span> <span class='ocrx_word' id='word_1_367' title='bbox 1166 4505 1197 4549; x_wconf 88' lang='lat' dir='ltr'>nt</span> <span class='ocrx_word' id='word_1_368' title='bbox 1209 4499 1279 4549; x_wconf 85' lang='lat' dir='ltr'>Vall.</span> <span class='ocrx_word' id='word_1_369' title='bbox 1293 4503 1321 4549; x_wconf 89' lang='lat' dir='ltr'>et</span> 
     </span>
     <span class='ocr_line' id='line_1_41' title="bbox 1066 4584 1105 4635; baseline 0 -19"><span class='ocrx_word' id='word_1_370' title='bbox 1066 4584 1105 4635; x_wconf 69' lang='lat'>3·</span> 
     </span>
    </p>
   </div>
   <div class='ocr_carea' id='block_1_7' title="bbox 0 0 1493 4912">
    <p class='ocr_par' dir='ltr' id='par_1_7' title="bbox 0 0 1493 4912">
     <span class='ocr_line' id='line_1_42' title="bbox 0 0 1493 4912; baseline 0 0"><span class='ocrx_word' id='word_1_371' title='bbox 0 0 1493 4912; x_wconf 95' lang='lat' dir='ltr'> </span> 
     </span>
    </p>
   </div>
  </div>
 </body>
</html>
