2962 4912
138 304 201 368 414
495 305 623 356 nunna.
643 304 818 356 nrconnur
846 305 934 356 reas
952 305 988 357 u.

138 457 250 539 (lasse,
283 456 488 539 paralyticos
520 477 669 539 curasse,
701 457 876 521 daemones
907 457 950 521 ab
980 456 1170 522 hominibus
1202 457 1332 546 fugasse,

138 568 285 624 mortuos
308 562 410 624 etiam
433 561 627 642 suscitasse,
658 561 840 642 imperasse
871 561 992 642 ventis,
1024 559 1214 626 ambulasse
1246 563 1332 630 siccis

138 664 279 746 pedibus
308 686 408 747 super
435 663 540 729 undas
568 665 682 746 maris,
712 671 745 729 ct
767 665 873 729 multa
896 665 963 729 alia
986 665 1081 746 signa
1106 664 1333 735 miraculorum

55 799 57 811 ·
138 768 273 832 fecisse:
312 776 346 832 et
377 790 453 832 cum
485 769 591 833 omnis
622 769 764 851 populus
795 768 997 832 Iudaeorum
1028 767 1133 832 filium
1166 768 1220 832 dei
1250 767 1333 837 illum

138 893 212 936 esse
236 872 374 955 diceret,
402 873 562 936 invidiam
585 877 703 937 contra
726 893 801 936 eum
824 872 914 955 passi
938 877 1016 936 sunt
1038 873 1208 954 principes
1236 893 1333 938 sacer-

141 973 255 1038 dotum
279 979 313 1037 ct
336 979 516 1038 tenuerunt
539 995 613 1038 cum
636 973 772 1038 etmihi
794 972 1015 1053 tradiderunt,
1037 979 1070 1036 et
1092 973 1161 1038 alia
1186 995 1247 1055 pro
1270 974 1334 1042 aliis

138 1075 218 1139 mihi
247 1077 445 1141 mentientes
468 1077 623 1141 dixerunt
649 1076 751 1140 istum
780 1096 912 1159 megum
940 1096 1011 1140 esse
1039 1082 1074 1140 et
1096 1083 1214 1158 contra
1238 1074 1332 1159 legen

139 1198 252 1241 eorum
275 1197 384 1260 agere.

224 1278 297 1362 Ego
326 1285 438 1343 autem
466 1278 590 1343 credidi
617 1279 667 1343 ita
694 1299 780 1360 esse,
812 1283 845 1342 et
872 1275 1075 1360 flagellatum
1103 1277 1229 1342 tradidi
1252 1277 1332 1345 illum

139 1475 185 1528 est,
203 1472 283 1519 casem
298 1472 378 1520 sinan
392 1469 544 1520 restituebat
559 1475 603 1520 etc
618 1468 623 1536 Ι
639 1471 721 1520 emb·
731 1471 812 1521 daem.
825 1471 949 1537 epfupasse
963 1469 1056 1531 (utinm
1069 1458 1152 1520 llmbb
1164 1469 1298 1536 effiupasse)
1309 1471 1334 1522 ab

139 1560 219 1613 luam.,·
235 1564 310 1607 mart.
322 1575 387 1607 mc.
399 1565 462 1606 ente
477 1557 591 1620 leprosas
603 1560 695 1621 ponit;
710 1561 774 1608 item
787 1564 852 1608 ente
864 1559 1001 1621 imperasse
1013 1557 1066 1606 edd
1077 1563 1160 1607 mutas
1173 1557 1336 1622 laquisseises

160 1633 194 1695 Db
207 1660 249 1694 om
263 1646 398 1708 leprasm·
415 1646 502 1695 smcit.
519 1644 524 1707 Ι
539 1648 616 1694 etiam
629 1660 687 1695 cum
700 1634 747 1696 ι)δα
761 1645 817 1695 Gue
831 1645 891 1708 Heg
909 1679 916 1692 .
932 1680 939 1693 .
958 1633 1054 1693 Amb⁸¹³
1068 1645 1120 1694 Hel
1134 1644 1196 1694 eilr
1209 1660 1261 1702 om,
1280 1646 1336 1695 item

139 1733 227 1783 mxcv
254 1768 261 1782 .
282 1768 289 1781 .
317 1734 390 1782 Marc
412 1734 567 1782 audordate
590 1731 595 1794 Ι
619 1721 653 1782 Db
675 1736 802 1794 imperare
825 1731 830 1796 Ι
853 1735 928 1796 sipna
948 1732 1098 1781 miracular.
1127 1747 1187 1780 cum
1205 1719 1241 1782 „b
1262 1729 1337 1782 Ans·

140 1822 218 1884 (item
236 1820 364 1869 miracula
381 1824 407 1870 et
423 1822 497 1884 sipna
515 1819 586 1877 edil,
604 1820 731 1868 miramila
750 1819 807 1882 Sis)
824 1854 854 1868 ..
875 1818 931 1868 Gne
944 1807 1027 1868 Arnbb
1039 1819 1114 1868 Mero
1127 1817 1199 1868 Chsu
1212 1819 1338 1869 miabilia

141 1942 171 1956 ..
192 1906 322 1971 liugom.
365 1906 466 1955 Graece
484 1911 526 1954 cet
546 1898 693 1973 θαυμάσια
712 1903 791 1967 (edu2
809 1899 957 1972 (turipum)
982 1904 987 1965 Ι
1010 1911 1036 1954 et
1054 1904 1105 1966 (its
1122 1893 1254 1954 nieme·
1272 1904 1338 1968 0d1³¹3

140 1992 213 2040 Marc
228 1994 306 2047 buna·
325 1992 357 2040 1)c
371 1990 429 2041 Gue
447 1991 548 2055 aliique
568 1991 621 2051 om)
640 2008 694 2040 cum
712 1989 786 2053 (etlpr
796 2006 848 2048 om,
861 1979 944 2040 Ambb
957 2006 1011 2038 cum
1022 1989 1112 2054 ipius)
1125 1991 1208 2040 manis
1222 2005 1283 2054 pap.
1294 1991 1340 2054 (iu

141 2067 236 2126 ilmblb
249 2077 305 2127 Gne
319 2077 392 2127 Marc
406 2079 466 2142 Heg
479 2077 564 2138 Chau3
583 2068 631 2129 ΒΜ
641 2078 702 2128 editr
714 2077 789 2128 multi
804 2079 836 2127 de
851 2077 959 2142 papula)
971 2103 981 2113 ·
994 2094 1047 2127 esse
1059 2066 1167 2140 (Amb⁸b
1180 2076 1239 2139 cm)
1251 2078 1340 2130 diceret

141 2165 193 2227 (ite
211 2153 306 2213 Amb⁸b
319 2165 393 2214 Marc
411 2165 471 2229 Heg
490 2163 574 2223 chus,
594 2167 657 2215 item
676 2167 792 2215 dicerent
810 2166 880 2223 Gne,
904 2154 939 2215 Db
951 2166 1091 2223 crederent,
1109 2166 1143 2215 1>c
1155 2163 1339 2231 crediderunt!

140 2250 262 2298 insidiam
286 2266 323 2299 ca.
344 2265 398 2298 eum
419 2252 492 2312 paesi
515 2253 574 2299 sunt
596 2265 655 2299 cum
673 2239 993 2300 nb⁰Ambbsu1³¹Msrc
1016 2251 1077 2314 Heg
1097 2251 1216 2313 aliisque
1236 2285 1243 2298 .
1263 2286 1269 2299 .
1289 2248 1340 2300 (ine

139 2335 362 2383 incidissemus
380 2336 452 2384 ducti
470 2341 536 2393 sunt,
556 2337 682 2386 similiter
700 2336 784 2385 Ambe
799 2335 803 2396 Ι
817 2336 901 2398 princ.
915 2336 1015 2385 eamd.
1030 2352 1088 2385 cum
1108 2336 1165 2385 Gue
1185 2334 1249 2384 etlpr
1265 2325 1340 2385 subl

141 2419 223 2468 amb·
241 2418 299 2480 (sed
318 2421 371 2469 iste
391 2421 445 2470 sic:
470 2426 495 2469 et
510 2421 594 2482 princ.
608 2422 709 2470 sacerd.
724 2422 823 2470 invidia
841 2437 878 2469 ca.
893 2437 947 2469 eum
964 2421 1043 2477 ducti,
1062 2425 1087 2469 et
1100 2421 1184 2484 primi
1201 2421 1340 2470 saeoedater

141 2509 166 2553 et
183 2504 283 2552 scribae
301 2508 325 2553 et
342 2505 481 2554 Pharisaei
499 2505 733 2567 camprebendentes
756 2522 809 2554 eum
834 2504 889 2567 etc)
918 2504 977 2561 Six,
1001 2505 1066 2553 item
1085 2504 1172 2565 princ.
1195 2505 1340 2553 Iudaeam

143 2592 215 2640 Marc
230 2592 289 2655 Heg
302 2590 372 2640 Chae
389 2626 395 2638 .
412 2629 418 2641 .
437 2581 485 2642 nb⁰
502 2595 585 2653 princ.
598 2593 697 2641 sacerd.
710 2593 808 2641 scribae
826 2597 851 2640 et
862 2593 1000 2641 Pharisaei
1012 2592 1174 2640 Iudaeorum.
1193 2591 1198 2654 Ι
1214 2595 1340 2641 tenurnnl

141 2693 196 2726 mem
214 2683 238 2725 et
255 2679 317 2726 mibi
335 2677 405 2741 (Heg
424 2674 494 2726 Chen
512 2676 632 2741 inibique)
652 2694 711 2727 cum
730 2677 786 2726 Gne
806 2666 887 2726 ilmbb
901 2679 961 2742 fleg
975 2679 1048 2727 Marc
1065 2676 1135 2727 Chen
1156 2713 1186 2728 ..
1207 2667 1256 2728 οὔθ
1268 2676 1339 2727 Arnb⁸

143 2762 204 2812 ecll'r
217 2766 328 2812 tenentes
346 2762 439 2822 (Διιιὶ)ι
451 2762 696 2826 comprehendentes)
709 2779 764 2811 eum
777 2761 821 2822 (uc
834 2778 885 2821 om,
899 2763 960 2812 eurr
973 2763 1026 2812 add
1044 2762 1079 2825 et)
1092 2765 1162 2812 miii.
1195 2763 1296 2813 Graece
1308 2765 1338 2813 sie

142 2849 243 2912 legitur
261 2839 370 2913 ᾠθόμῳ
384 2839 438 2913 οῦμ
456 2845 514 2907 (cdl
528 2843 569 2895 καί
584 2843 641 2913 bb..
661 2845 706 2896 cdl
720 2864 761 2896 cm
776 2841 843 2914 οῦμ)
862 2847 888 2895 οῖ
907 2844 1052 2911 ἁρχιερεῖσ
1068 2843 1125 2896 κατ’
1142 2843 1237 2895 αὐτοῦ
1258 2840 1337 2913 κιμού·

143 2943 226 2996 pepon
249 2923 416 2997 iupiiruaup
440 2924 532 2998 αὐτὸμ
556 2929 597 2979 καὶ
620 2928 684 2999 ἐμοὶ
710 2930 772 2992 (cdl
795 2925 1001 2998 spuriiauprca
1024 2929 1104 2999 ἐμοὶ)
1132 2925 1228 2998 αὐτὸμ
1254 2927 1337 2995 napi·

143 3015 240 3084 ὁωκαμ
261 3024 313 3068 etc.
350 3017 396 3066 six
414 3024 478 3081 pest
496 3021 577 3067 caeeis
594 3023 641 3067 vis.
661 3019 812 3068 restituebat
835 3020 888 3067 uic:
914 3019 1028 3084 lepram
1044 3019 1198 3077 mundabat,
1222 3017 1337 3068 resaluta

142 3105 227 3152 nnsis
250 3104 371 3152 curabat:
394 3105 513 3152 ciderunt
532 3120 627 3167 quaque
648 3105 729 3167 ipsum
747 3105 879 3153 daemonia
902 3104 1014 3168 abepisse
1036 3110 1113 3168 atque
1136 3104 1251 3152 obsessos
1273 3104 1336 3168 spiri

142 3188 209 3237 tibus
226 3189 360 3237 immundis
372 3189 508 3237 liberasse:
526 3195 638 3238 mertuos
656 3191 715 3237 item
733 3205 764 3237 ea
781 3188 907 3252 sepulcris
923 3189 987 3250 ipsis
1004 3189 1182 3244 remuscitasit5
1201 3189 1337 3237 obediebant

143 3275 193 3336 ipsi
210 3280 339 3324 uentorum
358 3275 483 3331 turbines,
505 3275 580 3322 siccis
593 3274 702 3336 pedibus
719 3290 789 3322 mare
807 3274 993 3322 inambulabat:
1013 3275 1083 3339 seuit
1101 3274 1158 3322 alia
1177 3289 1275 3338 quaque
1287 3289 1335 3336 per·

142 3359 223 3407 iruulta
245 3360 384 3418 miracula,
412 3365 439 3408 ut
462 3359 537 3421 culpa
560 3360 638 3407 etiam
662 3361 729 3408 inter
747 3359 857 3408 Iudaeas
879 3364 903 3407 et
926 3358 1024 3420 plebem
1047 3359 1089 3407 dei
1107 3358 1188 3423 filins
1211 3360 1335 3408 diceretur.

143 3445 278 3508 Principes
304 3461 363 3493 vera
387 3445 547 3493 sacerdotum
574 3444 744 3493 aemulatione
770 3448 795 3492 et
822 3443 901 3493 liuere
928 3444 1042 3492 instincti
1069 3444 1275 3493 adversabantur
1297 3443 1335 3504 illi,

144 3538 293 3595 captumque
309 3532 383 3580 illum
401 3533 462 3580 mibi
480 3533 645 3581 tradiderunt
664 3538 706 3581 etc
732 3531 736 3594 Ι
761 3532 816 3579 alia
834 3548 885 3593 pra
903 3530 965 3580 aliis
983 3520 1076 3592 (Amal
1094 3532 1169 3580 aliud
1184 3538 1247 3596 past
1264 3532 1335 3593 aliud)

145 3653 174 3668 ..
195 3619 268 3666 Marc
293 3617 346 3666 suu
370 3617 452 3665 multa
475 3617 480 3676 Ι
508 3618 570 3666 milii
592 3618 737 3665 mentientes
760 3633 818 3665 cum
837 3616 930 3673 nmb·,
955 3618 1020 3665 item
1045 3616 1132 3665 teutlll
1156 3609 1335 3681 καταψευσὰι

145 3715 227 3769 μεμοι
249 3703 395 3765 ..reliqui
415 3704 477 3751 mibi
494 3703 526 3750 de
543 3718 572 3750 ea
590 3704 736 3750 mentientes
752 3700 755 3762 Ι
771 3702 890 3749 dicerunt
914 3714 971 3749 cum
991 3700 1047 3749 Gue
1066 3689 1163 3748 Ambll'
1183 3700 1259 3758 eder,
1283 3702 1335 3750 item

144 3791 232 3841 cerev
251 3824 280 3838 ..
304 3791 402 3853 reliqui
421 3790 474 3839 edd
492 3794 634 3839 asserentes
649 3787 653 3850 Ι
669 3790 743 3837 istum
762 3787 855 3848 (Ambl
873 3788 934 3837 edl’r
952 3788 1037 3845 illurn,
1060 3775 1143 3836 Ambl'
1161 3789 1228 3848 mm)
1251 3804 1337 3851 mapun

144 3878 236 3937 (Αιιιὶ)Β
253 3879 403 3942 malipnum
430 3877 481 3927 Thi
501 3894 532 3927 ex
552 3877 619 3925 vitic
639 3876 726 3925 edidit
748 3873 875 3939 magnum)
898 3891 951 3923 esse
972 3880 996 3924 et
1018 3891 1055 3924 cc.
1076 3875 1126 3939 lep.
1145 3891 1232 3924 eorum
1256 3875 1338 3937 (Anu

136 3960 200 4024 '01113
230 3965 291 4014 edir
315 3981 353 4015 co.
372 3965 455 4024 menn)
479 3981 564 4028 apere.
603 3963 649 4012 Six
673 3966 736 4028 pest
763 3962 926 4011 tradiderunt
949 3962 1038 4025 pergit
1063 3961 1189 4008 ementitis
1210 3958 1339 4009 sceleribus

143 4068 197 4099 eum
215 4066 285 4099 reum
295 4051 440 4114 facientes:
459 4066 557 4114 napum
575 4049 742 4113 appellabant
761 4052 836 4111 atque
855 4047 919 4110 lepis
936 4062 1021 4095 earum
1032 4046 1188 4092 desertorem
1205 4051 1230 4092 et
1249 4050 1338 4093 contra

145 4138 275 4185 dictorem.

231 4225 331 4272 credidi
344 4239 402 4272 cum
417 4223 472 4271 Gne
485 4224 518 4273 1)c
532 4211 613 4271 Ambb
627 4223 700 4270 Marc
714 4221 774 4283 Hcg
787 4226 830 4269 etc
844 4254 870 4268 ..
886 4218 952 4266 Amb
966 4217 1092 4278 (crederis
1105 4217 1151 4266 scd
1166 4223 1296 4279 sequente
1307 4215 1339 4276 et)

144 4298 179 4359 Db
193 4309 253 4358 cdl’r
266 4324 356 4372 praem
369 4308 453 4355 verbis
464 4322 555 4355 smum.
580 4306 681 4356 Graece
695 4310 736 4355 eet
748 4295 926 4352 ωιοτεύσασ.
953 4302 997 4351 Sis
1011 4302 1050 4351 sic
1064 4302 1166 4365 pergit:
1183 4300 1279 4361 Quibus
1286 4316 1341 4364 per·

144 4396 304 4446 mamanibus
316 4397 433 4444 seductus
444 4395 498 4456 ipse
509 4392 589 4453 fidem
602 4395 712 4457 querelis
724 4409 808 4442 earum
820 4391 933 4448 adhibui,
944 4390 1159 4455 flapsllatumque
1171 4389 1235 4451 ipsis
1246 4388 1343 4437 tradidi
