2962 4912
138 335 224 381 „m
610 315 881 370 rnouuuounua

138 467 259 553 Neque
283 472 371 534 enim
395 469 570 534 obscurum
586 467 667 551 quid
689 473 748 532 aut
769 468 837 533 late
859 472 987 552 patens,
1010 469 1068 534 sed
1084 470 1248 552 quaedam
1263 470 1348 537 satis

138 581 323 665 peculiaria
346 602 384 645 ac
407 579 545 645 definita
567 586 600 644 et
623 579 785 645 eiusmodi
809 600 893 663 quae
916 581 952 645 in
974 581 1058 646 actis
1081 580 1185 647 Pilati
1208 581 1346 647 minime

139 698 322 776 exspectes,
344 692 387 757 ab
409 691 475 756 illis
498 692 691 756 afferuntur.
734 689 807 756 Neo
829 713 945 757 rursus
967 691 1047 758 haec
1070 693 1105 756 in
1120 694 1205 758 actis
1220 694 1346 759 nostris

139 805 189 869 ita
211 809 390 869 narrantur
413 807 451 866 ut
473 802 515 866 ad
538 802 670 867 illorum
693 802 795 868 verba
815 803 924 885 possis
946 803 1196 869 accommodata
1215 808 1346 887 putare.

141 915 219 981 Huc
241 914 371 980 accedit
394 914 498 997 quod,
521 915 589 978 sive
612 935 665 979 res
689 915 758 979 sive
779 914 927 997 linguam
950 920 1094 998 spectas,
1125 920 1256 980 tantum
1279 936 1347 981 non

140 1027 224 1092 nibil
246 1048 267 1091 a
291 1026 435 1091 secundo
463 1026 596 1091 saeculo
625 1026 769 1091 alienum
796 1026 831 1090 in
860 1027 985 1091 nostris
1013 1028 1098 1092 actis
1130 1027 1346 1110 inuenitur1).

139 1137 321 1203 Praeterea
352 1136 433 1201 illud
466 1138 580 1220 magni
609 1143 661 1202 est
691 1137 881 1202 faciundum
913 1137 1002 1220 quod
1032 1138 1198 1203 Eusebius
1229 1144 1347 1205 narrat

139 1249 216 1313 hist.
240 1249 354 1313 eccles.
376 1247 444 1327 IX,
467 1249 486 1311 5
510 1253 544 1313 et
567 1251 595 1312 7.
639 1247 861 1313 Maximinum
883 1249 1119 1331 imperatorem
1142 1255 1218 1314 acta
1239 1248 1346 1315 Pilati

140 1359 313 1425 calumniis
329 1358 427 1442 plena
442 1359 485 1423 ad
495 1357 762 1424 Christianorum
778 1360 1012 1424 contumeliam
1026 1359 1222 1442 publicasse,
1239 1382 1346 1443 eaque

140 1493 199 1554 per
221 1471 353 1553 imperii
375 1469 564 1552 provincias
587 1469 812 1550 disseminata,
835 1470 870 1533 in
893 1471 983 1552 agris
1006 1476 1040 1536 et
1062 1471 1253 1537 civitatibus
1268 1493 1346 1555 pro·

139 1584 260 1666 posita,
283 1583 318 1647 in
341 1582 423 1665 ipsis
445 1601 625 1664 puerorum
648 1580 769 1647 sobolis
788 1580 973 1646 declamata
995 1587 1029 1647 et
1051 1583 1231 1648 memoriae
1253 1603 1346 1649 man-

140 1694 221 1760 data
243 1714 324 1759 esse.
368 1692 464 1758 Haec
487 1697 577 1772 acta,
606 1692 696 1757 haud
718 1693 817 1758 dubie
841 1694 970 1775 etipsa
992 1694 1263 1777 suppositicia2),
1285 1696 1346 1760 im·

141 1811 277 1888 perator
306 1804 440 1869 omnino
470 1804 665 1886 opposuisse
689 1804 858 1886 putandus
881 1804 946 1868 erit
968 1803 1052 1868 actis
1075 1805 1117 1869 iis
1139 1826 1225 1888 quae
1249 1804 1345 1872 Chri·

141 1916 242 1982 stiani
265 1915 436 1981 iactabant
458 1914 534 1979 inde
557 1914 600 1979 ab
622 1918 733 1979 aetate
756 1914 889 1979 Iustini.

226 2025 380 2091 Iamvero
398 2046 482 2107 quae
506 2024 637 2108 singula
659 2025 801 2090 vidimus
823 2025 993 2106 historica,
1016 2026 1237 2108 aequandam
1252 2029 1347 2093 testi·

141 2139 328 2204 moniorum
357 2138 476 2202 seriem
505 2136 661 2202 efficiunt.
706 2135 856 2201 Iustinus
882 2157 968 2219 quae
997 2143 1073 2202 acta
1099 2136 1203 2202 Pilati
1231 2138 1346 2204 laudat

140 2249 250 2315 medio
274 2249 407 2314 saeculo
431 2247 585 2328 seeundo,
608 2248 724 2313 eadem
739 2247 966 2312 Tertullianus
989 2247 1086 2314 initio
1110 2249 1233 2315 saeculi
1251 2251 1345 2315 tertii

140 2365 327 2444 percenset:
350 2380 450 2441 porro
474 2359 588 2424 eadem
604 2358 809 2424 Maximinus
830 2359 1013 2441 imperator
1033 2359 1130 2425 initio
1146 2361 1259 2442 quarti
1274 2382 1344 2426 sae·

141 2471 206 2537 culi
234 2475 389 2554 suspecta
411 2475 512 2552 atque
534 2470 632 2533 irrita
655 2469 793 2535 reddere
816 2469 944 2534 studuit
966 2470 1128 2552 appositis
1151 2471 1226 2535 aliis
1248 2473 1344 2537 novis

139 2584 247 2665 iisque
270 2582 412 2647 maxime
435 2581 691 2663 contumeliosis,
715 2602 780 2664 quo
804 2581 919 2646 eodem
943 2582 1075 2647 saeculo
1092 2587 1211 2664 quarto
1228 2583 1344 2649 eadem

140 2697 401 2760 commemorant
423 2692 588 2758 Eusebius
612 2697 646 2758 et
667 2692 890 2774 Epiphanius:
921 2692 1111 2775 insequitur
1133 2694 1250 2775 quinto
1274 2715 1344 2759 sae·

140 2806 215 2870 culo
240 2803 382 2872 Orosius
407 2804 538 2883 (histor.
553 2802 635 2884 VII,
655 2807 714 2885 4.);
738 2810 831 2869 sexto
848 2805 1033 2887 Gregorius
1048 2803 1263 2889 Turonensis,
1286 2807 1345 2889 qui

139 2916 227 3000 apud
255 2916 346 2999 ipsos
375 2915 433 2979 illa
461 2916 598 2980 retineri
625 2915 754 2980 asserit.
797 2915 851 2979 Ea
873 2937 950 2979 vero
974 2937 1059 2998 quae
1082 2916 1123 2980 ad
1147 2938 1207 2982 nos
1229 2939 1344 3000 perve-

139 3032 261 3092 nerunt
284 3031 360 3090 acta
383 3026 449 3090 iam
472 3025 705 3107 antiquissimo
729 3025 841 3090 codice
862 3025 967 3090 latino
985 3026 1210 3111 palimpsesto,
1234 3030 1344 3112 quinti
1364 3091 1368 3115 ,

138 3138 191 3203 vel
219 3138 303 3203 sexti
333 3137 470 3218 sacculi,
504 3137 583 3201 item
610 3137 806 3219 papyraceis
834 3136 923 3202 foliis
952 3138 1059 3219 ceptis
1083 3139 1229 3204 eiusdem
1253 3146 1344 3206 certe

139 3251 260 3316 aetatis
290 3249 512 3314 continentur.
556 3248 612 3312 An
641 3248 856 3313 nihilominus
878 3253 1032 3331 putemus
1055 3250 1136 3315 haec
1159 3257 1274 3316 nostra
1297 3252 1344 3316 di·

138 3382 234 3427 versa
262 3382 334 3426 esse
360 3360 572 3442 abantiquis
595 3360 676 3442 illis,
705 3361 855 3442 quamvis
878 3360 1036 3442 quioquid
1060 3360 1099 3426 de
1123 3363 1190 3426 suis
1213 3367 1343 3428 veteres

138 3473 274 3553 docent,
302 3471 337 3536 id
364 3471 569 3536 inveniamus
598 3471 632 3535 in
660 3471 810 3537 nostris?
856 3471 930 3556 Quo
953 3472 1088 3537 tandem
1111 3473 1207 3539 modo
1231 3474 1343 3540 subito

138 3584 248 3667 perire
271 3588 428 3666 poterant
451 3604 536 3666 quae
558 3582 625 3647 iam
648 3583 724 3648 inde
747 3582 789 3648 ab
812 3581 936 3648 Iustini
958 3588 1105 3666 ternpore
1128 3590 1223 3649 tanta
1247 3584 1342 3651 Chri-

138 3695 256 3760 stianis
279 3695 478 3760 auctoritate
494 3694 602 3759 valere
617 3694 835 3760 videbantur?
856 3694 929 3759 Aut
952 3715 1051 3776 quem
1073 3695 1215 3777 tandem,
1239 3719 1342 3779 quum

137 3809 252 3890 uetera
274 3811 343 3870 tam
366 3805 453 3870 bona
473 3808 653 3888 tantaeque
670 3806 824 3888 exlongo
840 3826 901 3869 usu
918 3806 1128 3871 auctoritatis
1144 3827 1214 3871 esse
1231 3809 1342 3879 sciret,

138 3916 204 3982 alia
227 3938 313 3981 nova
333 3917 488 3981 ficturum
510 3916 611 3981 fuisse
635 3920 803 4000 putemus,
831 3937 870 3981 ac
892 3916 1030 3982 linxisse*
1046 3937 1124 3982 vero
1148 3940 1222 3982 oum
1244 3925 1341 3984 tanto

140 4059 352 4068 -—---———

224 4131 247 4198 1)
266 4132 307 4184 Cf.
325 4134 470 4184 Dissertnt.
488 4150 573 4184 meam
592 4135 731 4199 Hegennm
755 4151 782 4199 p.
801 4135 848 4185 65:
874 4151 1034 4200 quemquem
1052 4135 1085 4186 de
1105 4137 1137 4185 iis
1156 4137 1235 4186 rebus
1254 4137 1340 4186 fusius

138 4221 342 4284 sacratiusque
361 4220 415 4270 elio
434 4221 494 4269 loeo
513 4220 700 4284 exponendum
719 4221 779 4271 orit.
1140 4212 1144 4217 ’

223 4303 246 4369 2)
265 4307 351 4356 Aliter
370 4307 457 4356 sentit
475 4305 571 4356 Henlre
590 4306 618 4355 in
638 4305 824 4356 Probabilibue
843 4305 876 4356 de
895 4306 964 4356 uotis
977 4305 1059 4355 Pilati
1077 4312 1130 4356 etc.
1158 4305 1225 4355 Vide
1239 4305 1339 4371 Opurc.

137 4392 256 4443 eosdem.
275 4408 300 4456 p.
313 4392 363 4442 217
382 4407 442 4456 sqq.
