2962 4912
562 296 671 346 susm
690 297 815 347 rmum.
840 299 910 348 xv1.
1276 302 1339 365 385

137 451 302 514 miserunt
329 455 398 513 tres
421 448 507 513 viros
529 447 564 510 in
587 446 775 514 Galilaeam
798 455 844 513 et:
875 449 1017 530 Euntes‚
1044 451 1213 533 inquiunt,
1241 452 1340 518 dicite

138 552 235 618 rabbi
258 550 378 616 Addae
410 559 443 616 et
473 550 568 616 rabbi
595 549 717 614 Finees
749 558 783 615 et
813 551 908 616 rabbi
936 553 1056 634 Egiae:
1088 554 1161 619 Pax
1188 556 1279 620 vobis
1308 563 1341 620 et

138 655 270 719 vestris,
313 652 552 736 Inquisitiones
575 652 700 716 multae
723 651 832 717 sactae
857 661 934 718 sunt
959 655 994 717 in
1022 655 1160 720 concilio
1187 656 1226 721 de
1247 657 1340 722 Iesu:

138 757 215 822 ideo
243 756 360 820 directi
392 777 505 820 sumus
536 756 579 819 ad
607 754 789 820 vocandum
818 777 876 820 vos
907 757 941 820 in
973 765 1123 823 sanctum
1154 759 1276 840 locum,
1307 761 1342 824 in

139 857 335 923 Ierusalem.

229 968 375 1035 Profecti
404 974 481 1032 sunt
502 967 564 1031 viri
587 968 621 1031 in
645 966 849 1048 Galilaeam,
877 976 910 1033 et
932 971 1128 1035 invenerunt
1151 993 1205 1036 eos
1228 971 1342 1037 sedeu-

139 1078 192 1136 tes
226 1079 260 1136 et
291 1070 489 1135 meditantes
520 1069 635 1150 legem.
678 1069 726 1132 Et
757 1069 984 1135 salutaverunt
1016 1093 1071 1136 eoa
1099 1073 1133 1135 in
1160 1094 1251 1154 pace.
1296 1075 1342 1138 nt

140 1175 311 1241 dixerunt:
335 1173 402 1240 Gur
417 1173 575 1238 venistis?
606 1172 774 1237 Dixernnt
793 1171 909 1254 legati:
925 1174 1066 1265 'Clamat
1088 1196 1145 1241 vos
1168 1178 1343 1242 concilium

141 1281 177 1344 in
216 1286 366 1344 sanctum
403 1279 571 1342 civitatem
603 1275 795 1342 Ierusalem.
847 1258 1032 1343 Audientes
1064 1301 1140 1345 vero
1171 1283 1233 1345 riri
1264 1284 1343 1366 quia

142 1389 351 1467 quaeruntur
379 1403 399 1446 a
426 1381 577 1460 concilio,
609 1387 786 1445 oraverunt
815 1381 925 1461 deum,
957 1388 990 1446 et
1020 1384 1241 1450 recubuerunt
1269 1407 1343 1451 curn

142 1485 223 1549 viris
246 1491 280 1549 et
302 1483 585 1563 manducaverunt
608 1488 641 1547 et
663 1482 818 1546 biberunt
840 1504 913 1547 cum
941 1486 997 1548 eis.
1041 1484 1144 1550 Mane
1172 1494 1344 1569 surgentes

144 1595 223 1654 sunt
245 1586 385 1670 profecti
407 1585 591 1650 Ierusalem
614 1607 688 1649 cum
710 1605 802 1666 pace.

230 1699 278 1763 Et
299 1700 333 1763 in
356 1698 502 1763 crastino
526 1697 611 1762 sedit
634 1695 821 1777 concilium,
853 1704 885 1761 et
907 1698 1195 1780 interrogaverunt
1219 1720 1274 1763 eos
1297 1699 1344 1762 di·

143 1809 274 1868 ceutes:
306 1799 487 1867 Manifeste
510 1799 639 1863 vidistis
662 1796 775 1862 Iesu'm
804 1798 970 1862 sedentem
998 1800 1032 1864 in
1060 1807 1170 1865 monte
1193 1801 1345 1867 Mambre

147 1906 317 1971 docentem
340 1902 517 1985 discipulos
541 1923 617 1966 suos
640 1908 674 1966 et
696 1909 902 1984 assumptum
925 1903 959 1966 in
983 1902 1131 1968 coelum?

163 2185 170 2198 .
191 2152 264 2215 equi
282 2149 471 2198 conuerterant
486 2147 558 2197 nobie
574 2148 640 2211 quod
659 2148 778 2196 ctdnaot
790 2149 873 2196 Iesum
888 2152 1041 2210 corumptum
1058 2149 1166 2198 incaelo
1185 2183 1210 2199 ..
1230 2150 1291 2199 edpr
1304 2151 1347 2214 qai

145 2240 227 2288 diter.
246 2239 328 2300 ipsum
351 2253 377 2286 ce
400 2237 494 2285 ridicae
512 2236 685 2283 accendentem
703 2235 730 2283 in
748 2235 827 2283 celem
846 2269 853 2282 .
872 2269 879 2282 .
898 2223 960 2285 „ebe
978 2236 1022 2298 qui
1039 2236 1121 2285 dicer.
1140 2253 1166 2285 ee
1183 2253 1237 2286 eum
1254 2238 1347 2287 nidleee

146 2322 285 2386 loquentem
304 2309 351 2381 (nl)
369 2318 424 2380 om)
444 2335 498 2366 cum
515 2318 651 2382 discipulis
668 2318 722 2366 cute
739 2319 765 2366 in
784 2322 865 2367 monte
883 2318 971 2367 oliveti
986 2317 990 2381 Ι
1005 2319 1044 2367 Et
1061 2319 1182 2381 complue.
1202 2319 1246 2382 (rc
1260 2320 1345 2383 plac.)

144 2421 178 2454 ee.
197 2406 240 2454 iet.
260 2407 288 2466 (n
307 2420 349 2452 om
368 2419 402 2452 ee.
421 2402 476 2463 iet.)
495 2402 584 2451 omnib.
603 2402 632 2464 (c
650 2402 704 2451 add
721 2402 753 2450 de
771 2400 889 2464 concilio)
909 2437 916 2450 .
934 2436 940 2449 .
959 2391 1021 2452 ΒΜ
1040 2402 1101 2452 ede
1120 2420 1161 2452 om
1186 2402 1190 2464 Ι
1217 2404 1285 2453 Ilaec
1302 2406 1346 2454 mi·

143 2495 232 2541 emt
250 2495 283 2539 tr.
297 2491 329 2540 ui.
342 2491 369 2538 in
391 2489 451 2538 Gal.
464 2493 489 2537 ct
507 2487 586 2549 (haec
606 2489 695 2537 omnia
712 2501 730 2538 n
748 2485 803 2549 om)
823 2489 930 2547 Baetes,
948 2489 1065 2553 inquiunt
1084 2489 1113 2550 (a
1130 2490 1230 2539 Euntce
1248 2492 1298 2555 inq.
1311 2496 1344 2549 et,

143 2575 195 2639 elc)
208 2576 296 2624 Dicite
309 2577 337 2637 (c
351 2575 404 2623 sic:
423 2574 582 2622 Direxeruet
600 2588 660 2636 erqo
678 2573 747 2622 circe
765 2577 798 2622 tr.
813 2589 865 2635 pro
883 2574 931 2630 eim
951 2575 1039 2638 qulbus
1056 2576 1231 2625 comrnieerunt
1246 2575 1344 2638 Dicite)

143 2680 184 2713 ro.
197 2661 291 2710 Addae
309 2660 338 2723 (A
356 2661 461 2717 Addce,
481 2672 495 2709 e
516 2659 612 2721 Adam)
631 2689 640 2698 -
659 2655 742 2722 Eqiue
761 2657 806 2718 (rc
825 2656 905 2722 Eqia)
925 2674 983 2708 cum
1001 2672 1053 2710 nnc
1072 2692 1099 2707 .·
1118 2649 1180 2710 θ’*δῦ
1199 2659 1261 2709 ed1¹r
1280 2662 1345 2712 heac

143 2764 197 2798 nne
222 2763 281 2797 cum
304 2761 378 2809 seqq.
397 2745 521 2808 pluribus
545 2759 595 2793 om.
632 2743 677 2792 Illi
697 2744 767 2793 enlm
786 2749 850 2807 post
868 2744 894 2791 in
910 2748 993 2793 moute
1010 2744 1099 2793 oliveti
1116 2745 1210 2793 statim
1229 2753 1347 2812 pergunt

144 2836 203 2886 Hoc
218 2837 297 2900 sacto
321 2835 545 2896 interroyaoerunt
569 2848 611 2881 ece
628 2848 693 2896 quae
714 2833 844 2881 vidissent.
884 2831 935 2894 Qui
957 2834 1137 2894 reepondentec
1159 2850 1209 2883 uno
1226 2850 1270 2883 ore
1288 2839 1346 2895 otc;

145 2923 214 2972 Item
235 2919 296 2969 edpr
317 2920 476 2969 Teredona
494 2921 519 2966 ct
539 2918 654 2982 Cayptae
671 2917 792 2966 dicerunt
809 2917 864 2967 Lex
881 2921 971 2966 costra
989 2919 1100 2967 continet
1118 2923 1170 2967 etc.
1208 2916 1272 2968 Cum
1291 2921 1347 2969 illia

145 3001 745 3068 feeiteciamcdvfgerm.1Paeonecee.
765 3017 823 3050 cum
843 3015 858 3051 c
877 3036 903 3052 ..
922 3014 957 3052 ΔΒ
975 3003 1034 3051 Pac
1050 3002 1121 3050 cobis
1138 3001 1167 3064 (n
1184 3001 1238 3052 edd
1257 3002 1323 3066 com)
1342 3001 1346 3068 Ι

144 3088 249 3138 delean
267 3100 371 3138 cumbe
392 3123 420 3137 ..
440 3103 457 3138 e
475 3088 507 3136 de
526 3086 594 3135 nobie
609 3085 613 3149 Ι
629 3086 691 3135 Ideo
709 3084 736 3146 (c
751 3085 903 3150 propterea)
924 3121 953 3135 ..
973 3101 990 3137 Δ
1009 3101 1051 3135 om
1067 3086 1071 3149 Ι
1087 3088 1181 3136 directi
1200 3121 1230 3136 ..
1250 3089 1349 3138 emicet

145 3171 220 3235 (vide
238 3171 273 3222 ed
292 3187 387 3236 graeca
405 3187 466 3235 pag.
480 3169 551 3232 258.)
567 3170 572 3232 Ι
587 3170 621 3218 cd
639 3169 779 3218 accardum
797 3185 841 3218 coe
859 3183 917 3219 cum
936 3185 953 3221 Δ
972 3204 978 3217 .
996 3204 1003 3217 .
1021 3182 1056 3222 Bc
1074 3171 1109 3219 ad
1128 3187 1171 3220 coe
1188 3172 1350 3220 advocandos

145 3259 174 3321 (Β
193 3261 248 3321 om)
271 3264 300 3308 at
323 3260 432 3308 veniatis
459 3258 462 3320 Ι
490 3259 517 3307 in
539 3262 621 3306 cunct.
642 3258 723 3307 locum
746 3258 772 3305 ie
791 3272 850 3306 cum
869 3269 899 3316 a,
922 3258 987 3306 item
1006 3274 1024 3309 r
1042 3259 1202 3306 inresectum
1221 3259 1348 3307 civitatem

146 3381 177 3395 ..
200 3345 263 3393 Cirr

233 3433 350 3497 Profecti
372 3431 399 3492 (c
418 3431 471 3480 add
490 3429 581 3494 igitur)
600 3459 609 3468 -
628 3433 654 3478 ct
671 3430 820 3477 invenerunt
838 3444 897 3477 cum
916 3441 950 3479 rc
969 3461 976 3474 ·
996 3461 1002 3474 ·
1022 3439 1039 3477 Β
1064 3428 1158 3492 Leonti
1180 3428 1305 3477 venientes
1322 3428 1349 3477 ie

149 3516 298 3567 Galilaecm
317 3517 427 3564 iaceam.
453 3514 458 3579 Ι
482 3530 524 3564 ece
543 3548 573 3564 ..
594 3526 609 3564 c
628 3513 689 3562 illoc
706 3517 760 3562 trec
776 3513 846 3562 circe
863 3513 944 3561 luctor
961 3512 1000 3560 Et
1018 3512 1128 3562 coluter.
1148 3512 1176 3575 (n
1194 3511 1349 3576 salutantes)

146 3621 189 3656 ece
206 3605 233 3652 ie
249 3621 294 3666 pc.
331 3601 368 3652 Et
386 3601 415 3665 (n
432 3602 486 3664 om)
504 3603 557 3650 die.
572 3601 623 3650 Gur
640 3601 759 3650 emmor
778 3601 842 3649 Die.
859 3600 908 3663 leq.
925 3596 1025 3648 Clamet
1044 3599 1073 3662 (r
1091 3616 1139 3663 pro
1160 3600 1211 3648 Cur
1229 3604 1272 3650 etc
1292 3601 1347 3649 sic:

146 3693 182 3742 ad
200 3707 243 3741 ecc
261 3692 304 3754 qui
320 3693 442 3739 cernant
460 3706 491 3738 ex
511 3693 591 3752 parte
615 3687 719 3738 coecilii
739 3686 850 3748 Clamat)
870 3716 879 3725 ·
898 3686 944 3734 civ.
963 3685 1046 3735 Iecur.
1068 3721 1074 3735 .
1097 3721 1104 3735 .
1124 3700 1139 3737 c
1158 3686 1246 3750 quidue
1263 3686 1347 3736 dixer.

146 3777 224 3826 rerba
242 3776 334 3824 eisdem
352 3791 369 3823 a
382 3774 544 3838 principibus
562 3769 719 3833 comosicum!
736 3772 876 3820 Audientee
894 3800 903 3809 -
922 3787 976 3818 cum
993 3771 1057 3819 ciris
1074 3769 1103 3832 (Δ
1121 3770 1202 3832 illa),
1221 3775 1246 3818 et
1262 3771 1348 3819 mand.

146 3869 173 3915 et
190 3865 239 3914 tio.
258 3879 312 3912 mon
330 3863 367 3911 eie
385 3861 413 3924 (n
432 3876 474 3910 om
498 3865 524 3911 et
541 3861 626 3909 meod.
647 3876 705 3922 usq.
724 3859 780 3922 eie).
816 3859 896 3908 Mane
913 3862 1044 3922 arcentes
1062 3857 1122 3923 (pro
1142 3859 1184 3906 his
1202 3872 1220 3908 a
1237 3858 1273 3920 et)
1292 3861 1351 3906 eunt

141 3952 217 4015 prtff.
238 3948 267 4012 (Δ
281 3950 354 4014 prof.
372 3965 410 3997 eu.
429 3965 484 3997 cum
501 3948 539 3996 eie
556 3947 594 4009 in)
614 3947 667 3995 [cr.
687 3961 822 4009 cumpace
840 3960 898 3994 cnm
917 3956 953 3995 ΔΒ
973 3978 1002 3994 ..
1022 3957 1038 3994 e
1055 3944 1107 3992 ciri
1123 3957 1184 4006 cryc
1201 3942 1245 3991 illi
1262 3943 1351 3992 andito

141 4041 284 4102 praecepto
300 4036 445 4101 principum
463 4035 617 4084 Iudaeorum
634 4034 722 4082 rtatim
739 4036 860 4082 uenerant
877 4033 904 4080 in
922 4032 975 4080 ler.

235 4133 274 4181 Et
291 4130 319 4193 (n
338 4129 391 4192 om)
409 4131 437 4178 in
455 4130 568 4178 crastiua
588 4128 618 4189 (a
629 4126 744 4188 utimr)
762 4128 829 4177 sedit
846 4126 875 4191 (n
891 4126 990 4177 conred.
1004 4141 1072 4175 conc.
1086 4128 1113 4174 ct
1129 4125 1353 4187 interrogaverunt

147 4221 177 4283 (B
195 4221 255 4282 aie)
273 4236 315 4270 coc
331 4221 444 4269 diceutes
462 4217 490 4280 (n
508 4215 606 4278 dicens)
631 4247 641 4256 -
666 4217 717 4265 lee-
736 4216 790 4265 eed.
811 4215 890 4277 (heac
913 4230 930 4268 a
949 4212 1002 4275 om)
1021 4242 1030 4252 -
1049 4213 1104 4262 doc.
1123 4213 1186 4261 disc.
1204 4228 1241 4260 eu.
1261 4212 1291 4273 (a
1309 4227 1352 4262 om

146 4307 190 4357 dc.
203 4307 228 4357 d.
241 4305 290 4368 eu.)
308 4309 334 4355 et
352 4303 381 4367 (a
399 4303 493 4366 Iesum)
513 4306 633 4366 assumpt.
651 4302 680 4362 (Δ
699 4301 884 4361 ascendentem)
902 4301 930 4348 io
948 4298 1010 4349 cc'el.
1026 4312 1084 4347 cum
1103 4310 1138 4349 nn
1157 4331 1187 4346 ··
1208 4310 1223 4348 c
1241 4312 1289 4361 pro
1308 4298 1352 4347 his

148 4399 179 4444 at
197 4408 273 4457 seqq.
286 4393 337 4441 sic:
352 4392 486 4457 principes
503 4405 562 4440 cero
579 4388 740 4438 sacerdotem
751 4387 893 4437 diviserunt
910 4399 952 4434 ece
964 4382 1097 4448 quemlibet
1110 4398 1161 4448 per
1178 4398 1213 4441 ee,
1231 4386 1257 4431 et
1275 4384 1352 4433 ieter·

202 4493 291 4541 evang.
301 4501 378 4542 apocr.
389 4491 425 4532 ed.
435 4487 591 4530 Tlechendorl.
614 4487 657 4528 nd.
667 4487 695 4528 11.
1105 4469 1137 4518 25
