2962 4912
365 309 698 360 Psalmo-naamam
716 308 958 361 EVANGELIUM.
987 310 1060 360 CAP.
1079 311 1115 361 11.
1300 310 1341 374 55

135 455 208 522 sibi
225 466 260 524 et
278 461 370 524 omni
383 459 501 524 domui
518 481 599 524 snae
612 460 820 524 reservabat.
847 459 967 525 ²Haee
983 467 1098 525 autem
1115 461 1176 525 illo
1188 460 1340 526 faciente

139 561 399 645 multiplicabat
420 562 505 626 deus
527 550 650 646 greges
672 583 769 641 suos,
799 564 848 627 ita
872 570 1000 627 utnon
1023 572 1115 629 esset
1138 565 1262 629 similis
1288 565 1340 629 illi

145 660 181 727 in
210 664 338 747 populo
364 665 487 730 Israel.
542 664 641 729 Haeo
671 670 787 728 autem
818 664 993 730 inchoavit
1022 665 1137 731 facere
1168 688 1188 731 a
1218 668 1340 750 quinto

149 765 276 833 decimo
298 770 425 833 aetatis
443 788 525 832 suae
543 789 645 833 anno.
681 766 767 833 Cum
791 777 885 833 esset
901 790 1071 834 annorum
1086 770 1223 853 viginti,
1246 790 1343 835 aoce-

152 873 201 953 pit
215 870 348 935 Annam
366 870 473 935 filiam
489 870 649 936 Ysaohar
664 892 806 935 uxorem
830 893 870 935 ex
887 872 980 936 tribu
998 894 1076 953 sua,
1100 872 1136 937 id
1154 879 1207 938 est
1228 894 1270 938 ex
1286 894 1342 957 ge·

156 996 229 1040 nere
244 973 365 1038 David.
395 972 551 1057 Cumque
570 980 722 1038 moratus
740 981 834 1039 esset
851 996 927 1039 euni
945 996 985 1040 ea
1000 997 1063 1058 per
1079 997 1189 1042 annos
1205 977 1340 1059 viginti,

159 1078 238 1144 filios
254 1084 311 1142 aut
326 1076 417 1141 filias
434 1098 475 1141 ex
495 1098 534 1141 ea
552 1099 620 1143 non
638 1078 784 1159 accepit.

646 1246 766 1313 Oanos
790 1248 838 1313 H.

236 1385 402 1449 ¹Faotuni
420 1392 473 1449 est
489 1391 605 1449 autem
622 1391 661 1448 ut
680 1386 716 1448 in
735 1385 859 1450 diebus
877 1387 977 1449 sestis
995 1386 1163 1450 intereos
1184 1387 1244 1469 qui
1262 1385 1342 1451 offe-

168 1493 268 1558 rebant
287 1491 469 1554 incensum
486 1488 626 1554 domino
644 1496 753 1553 staret
771 1489 942 1569 Ioaohim,
965 1509 1092 1571 parans
1115 1509 1259 1553 munera
1279 1509 1342 1553 sua

170 1598 198 1661 in
211 1598 386 1675 conspectu
404 1592 546 1656 domini.
577 1592 625 1656 Et
647 1592 817 1657 accedens
840 1593 883 1656 ad
907 1614 984 1656 euni
1006 1590 1121 1657 scriba
1142 1592 1262 1674 templi
1284 1612 1343 1656 no·

171 1701 240 1764 mine
256 1695 382 1760 Ruben
410 1696 472 1758 ait:
503 1694 584 1758 Non
606 1695 672 1758 tibi
697 1696 781 1760 licet
805 1696 898 1760 inter
923 1693 1094 1760 sacrificia
1115 1693 1171 1757 dei
1198 1701 1341 1778 agentes

172 1801 346 1878 consistere,
365 1799 531 1880 quianon
549 1803 582 1861 te
600 1797 782 1862 benedixit
793 1798 878 1863 deus
895 1805 934 1862 ut
951 1796 1051 1862 daret
1067 1797 1131 1861 tibi
1149 1818 1289 1880 germen
1306 1798 1342 1860 in

172 1900 265 1968 lsrael.
295 1899 426 1963 Passus
448 1899 567 1981 itaque
584 1899 828 1965 verecundiam
851 1901 886 1964 in
901 1906 1099 1983 eonspeotu
1121 1899 1244 1982 populi
1267 1899 1343 1963 abs-

173 2005 253 2072 cessit
272 2001 311 2065 de
334 2001 464 2084 templo
482 2001 613 2066 domini
635 2003 793 2085 plorans,
818 2010 853 2067 et
880 2024 949 2067 non
972 2009 1026 2067 est
1048 2022 1206 2066 reversus
1229 2003 1264 2065 in
1282 2001 1341 2067 do-

173 2129 240 2174 num
258 2126 365 2185 suam,
390 2105 451 2169 sed
468 2105 556 2168 abiit
572 2104 617 2168 ad
632 2125 759 2187 pecora
777 2127 854 2188 sua,
878 2113 913 2170 et
929 2105 1029 2169 duxit
1050 2126 1166 2169 secum
1182 2111 1342 2188 pastores

174 2214 241 2276 inter
253 2215 386 2272 montes
408 2209 443 2271 in
460 2209 688 2292 longinquam
704 2217 848 2290 terram,
870 2210 920 2274 ita
941 2216 980 2273 ut
996 2231 1059 2292 per
1078 2210 1233 2292 quinque
1251 2231 1344 2274 men-

174 2310 349 2378 sesnullum
370 2312 531 2376 nuntium
552 2307 728 2394 potuisset
750 2313 871 2378 audire
895 2312 936 2377 de
961 2333 1000 2377 eo
1017 2309 1123 2376 Anna
1146 2333 1232 2377 uxor
1255 2313 1342 2377 eius.

219 2490 238 2537 2.
257 2486 326 2537 Haec
339 2491 422 2535 autem
435 2488 484 2549 (ΒΒ
495 2487 549 2549 om)
563 2487 611 2536 illo
625 2486 673 2549 (aa
684 2488 789 2554 eo)sao.
803 2490 938 2553 mreltiplie.
953 2489 982 2551 (a
993 2489 1046 2538 add
1056 2489 1090 2549 ei)
1104 2489 1166 2535 deae
1179 2486 1207 2548 (a
1218 2485 1343 2549 dominer)

168 2589 234 2638 Μαι
243 2589 297 2622 reor
310 2574 338 2633 (Β
348 2588 451 2637 yreyem
462 2589 540 2630 ruam,
554 2586 590 2623 co
600 2590 702 2637 ισνεῃεηι
716 2575 807 2639 ipsias)
821 2591 880 2624 cnm
889 2587 977 2624 Anco:
992 2574 1076 2623 ΒΗοσ
1088 2578 1171 2622 aetem
1183 2572 1345 2637 illisaeieoti

170 2659 320 2722 nltipliraee't
330 2659 392 2709 deur
398 2675 489 2723 yreyee
500 2658 503 2724 Ι
515 2673 532 2707 Β
543 2660 581 2708 ita
591 2661 657 2722 quod
670 2676 717 2709 non
730 2666 788 2710 erat
798 2662 821 2709 ei
832 2661 924 2710 rimilie
936 2663 979 2709 ete
991 2658 995 2724 Ι
1006 2673 1044 2708 ΑΒ
1053 2660 1124 2708 homo
1134 2659 1226 2707 eimilir
1239 2657 1243 2724 Ι
1257 2657 1346 2705 Hace:

170 2741 250 2811 ιΙοεΙΙ
264 2751 358 2795 aretem:
372 2760 388 2794 Α
402 2747 488 2810 itaque
502 2741 506 2809 Ι
520 2762 536 2793 a
550 2747 629 2810 quint.
639 2747 692 2795 dee.
706 2751 757 2796 aet.
770 2763 830 2796 suae
843 2763 908 2796 anuo
922 2746 950 2808 (Β
964 2761 1029 2795 anno
1042 2746 1188 2795 nativitatis
1199 2744 1272 2805 errae)
1287 2758 1345 2792 cum

170 2841 220 2888 ουκ
230 2845 245 2879 a
254 2832 392 2894 quindecim
404 2847 526 2879 annorum
538 2832 632 2880 babere
642 2836 760 2889 aetatem,
774 2845 789 2879 Β
801 2836 928 2880 comesset
937 2831 1031 2880 aetatis
1040 2831 1070 2879 X
1073 2832 1225 2880 Venetorum
1240 2827 1243 2894 Ι
1258 2840 1274 2876 Β
1287 2828 1346 2876 Cam

169 2921 216 2964 eree!
225 2916 342 2973 loeehr'm,
360 2930 376 2966 Β
391 2917 450 2965 Oum
468 2921 551 2965 auam
563 2921 627 2966 erret
641 2914 644 2981 Ι
660 2919 738 2981 aeia.
752 2934 855 2975 aanor„
874 2930 891 2965 Β
904 2917 988 2966 XXX
997 2934 1087 2966 aanor.
1102 2915 1106 2982 Ι
1125 2916 1242 2965 I'eaehar
1255 2914 1283 2976 (Β
1296 2912 1345 2975 Ie)

170 3017 213 3050 cun
221 3015 262 3060 113
275 3013 290 3051 c
303 3004 401 3058 Achae,
415 3014 431 3050 Β
442 3004 525 3065 Ayar,
538 3017 556 3052 Β
567 3005 659 3067 Aqaar
672 3001 676 3069 Ι
690 3016 707 3051 Β
721 3004 747 3051 r'rr
759 3019 860 3052 uxorem
875 3001 879 3067 Ι
893 3019 924 3051 ee
937 3003 1005 3051 tribu
1016 3020 1071 3060 aaa,
1084 3004 1111 3051 id
1124 3007 1162 3051 eri
1174 3002 1204 3064 (Β
1216 2999 1346 3060 videlieet)

169 3101 243 3148 essen.
254 3088 320 3137 Dav.
333 3102 393 3136 cum
406 3099 476 3146 scm
495 3101 511 3136 Β
524 3103 570 3151 que
583 3092 642 3136 erat
653 3104 684 3135 ex
697 3087 765 3137 triber
776 3092 802 3136 et
810 3104 903 3151 yenere
915 3089 977 3145 Da„
996 3100 1013 3136 Δ
1027 3104 1057 3136 ee
1070 3087 1137 3136 triba
1149 3103 1206 3144 rua,
1222 3087 1249 3134 id
1265 3089 1304 3133 ert
1315 3085 1347 3133 de

170 3172 302 3230 tribulando,
319 3189 412 3236 yenere
424 3173 492 3221 Dae.
513 3170 517 3236 Ι
537 3173 644 3236 comque
656 3177 769 3222 moratus
787 3178 851 3223 erret
864 3189 917 3221 eam
933 3184 1098 3230 cacumen,
1116 3173 1181 3221 item
1195 3185 1210 3220 Β
1225 3171 1284 3219 Omra
1297 3156 1346 3235 qao

170 3262 269 3314 mores
286 3272 302 3306 Δ
317 3258 425 3321 Cumque
437 3257 512 3306 etmel
520 3259 728 3320 permansissent,
740 3271 758 3306 Β
772 3258 879 3322 Cumque
890 3259 984 3307 morati
987 3258 1103 3322 fuissent
1114 3256 1189 3305 sirmi
1202 3254 1206 3319 Ι
1213 3256 1290 3320 filios
1301 3261 1347 3305 aut

164 3342 223 3407 filiae
232 3342 271 3405 (cs
284 3360 326 3392 om
340 3347 387 3391 aut
391 3341 449 3407 fil.)
463 3358 537 3391 exea
550 3342 629 3404 (haec
640 3358 683 3392 om
692 3342 720 3404 Β)
733 3358 782 3392 nor
795 3344 894 3407 aceepit
907 3341 952 3404 (ca
964 3342 1030 3403 exe.)
1044 3359 1097 3391 eum
1111 3354 1177 3391 cmi:
1191 3355 1208 3390 a
1214 3341 1290 3407 filies
1301 3346 1348 3390 aut

165 3428 198 3492 fii.
207 3445 232 3477 ee
242 3445 268 3477 eo
279 3446 328 3479 ron
339 3430 443 3486 habaiu·
460 3442 477 3477 Β
491 3433 586 3478 eastum
598 3430 666 3478 dorni
678 3430 819 3492 coniugium
835 3431 889 3478 eine
905 3429 1041 3477 liberorum
1048 3428 1231 3492 procreatione
1248 3442 1346 3476 exerce·

171 3513 221 3563 tert
245 3514 368 3565 Venerunt
381 3520 491 3572 tanturn,
508 3516 531 3563 ri
543 3515 693 3563 deroderet
708 3515 744 3562 eie
755 3514 877 3573 sobolem,
893 3531 949 3563 eam
959 3530 986 3562 re
998 3513 1086 3577 templi
1102 3513 1206 3562 servitio
1218 3514 1346 3577 marcipa-

170 3603 234 3647 (που
251 3601 319 3649 eru'ue
339 3602 379 3654 rei
395 3601 485 3663 oratio
506 3604 531 3648 et
549 3599 666 3664 templum
683 3600 778 3648 domini
795 3599 903 3663 &offulis
913 3600 995 3664 series
1008 3615 1058 3662 per
1074 3614 1166 3647 aarum
1175 3599 1348 3662 frequentare

170 3684 266 3735 obteri.

223 3771 257 3830 11,
274 3775 296 3821 1.
318 3789 419 3836 parans
432 3771 459 3833 (c
468 3771 591 3836 portare)
604 3788 708 3820 munera
721 3788 780 3820 rua:
793 3785 812 3821 Β
821 3776 932 3834 portare
944 3771 984 3820 vel
992 3786 1094 3834 parare
1105 3786 1171 3818 man·
1184 3786 1230 3818 rua
1245 3767 1248 3834 Ι
1262 3770 1347 3818 scriba

173 3855 280 3920 (optram
291 3857 423 3919 sacerdos)
436 3858 523 3921 templi
542 3859 569 3919 (c
587 3858 640 3906 add
652 3855 759 3919 domini)
773 3873 832 3906 eum
845 3869 914 3906 cns:
933 3870 951 3905 a
963 3857 1083 3906 sacerdos
1101 3854 1105 3921 Ι
1123 3857 1162 3904 ait
1179 3856 1207 3917 (a
1220 3855 1314 3917 diario:
1332 3869 1346 3905 c

173 3942 249 3992 added
260 3960 319 4002 eom,
332 3958 350 3993 Β
365 3943 407 3991 illi
421 3941 425 4008 Ι
440 3947 542 4006 ayenter
553 3959 611 3992 cum
625 3956 678 4002 ΔΒς
691 3955 725 3992 ca
738 3958 780 3992 om
794 3940 798 4006 Ι
814 3947 838 3992 te
851 3942 977 3991 benedieti
990 3957 1049 3991 oum
1062 3954 1111 4001 ΔΒς
1126 3953 1161 3990 cn
1175 3941 1288 3989 benedis.
1301 3941 1348 3989 etei

176 4030 178 4087 Ι
186 4044 267 4091 yeme»
278 4046 333 4079 enm
347 4042 417 4087 acm
436 4043 452 4077 Β
470 4045 550 4077 semen
569 4024 573 4092 Ι
593 4029 688 4077 domini
700 4044 758 4078 cnm
772 4043 825 4087 ai>;
844 4041 876 4077 cn
889 4029 931 4076 dei
949 4029 953 4092 Ι
972 4041 989 4075 a
1002 4028 1070 4075 domi
1081 4042 1197 4076 revererer
1214 4025 1217 4089 Ι
1238 4031 1263 4075 et
1274 4027 1349 4075 derit

175 4129 235 4163 eren
245 4131 297 4165 eum
309 4128 344 4165 cn
358 4115 413 4175 (om
425 4114 518 4174 setara)
533 4127 548 4161 Β
553 4134 562 4168 ,·
579 4127 597 4162 A
609 4130 691 4163 rerum
703 4116 796 4163 durem
808 4113 811 4179 Ι
828 4129 845 4163 a
865 4115 891 4162 in
903 4117 999 4163 morter
1011 4111 1014 4173 Ι
1033 4114 1058 4160 in
1078 4113 1240 4176 longinquam
1252 4116 1349 4161 terram

176 4205 198 4248 nt
207 4215 231 4258 Β,
244 4213 273 4250 ac
290 4202 314 4248 ir
333 4200 471 4262 loaye'nqaa
489 4203 573 4254 terre,
590 4212 606 4246 Β
624 4200 651 4247 in
668 4200 829 4263 longinquam
848 4197 851 4262 Ι
870 4200 910 4247 iia
927 4202 955 4247 ui
973 4225 981 4233 ·
998 4198 1096 4246 nullum
1113 4199 1226 4246 nuntium
1240 4199 1347 4261 potuita.

177 4286 244 4334 urire
253 4288 280 4335 de
290 4302 318 4335 eo
336 4288 363 4347 (c
377 4299 503 4348 nunquam
515 4285 547 4331 de
559 4300 587 4332 eo
600 4285 691 4332 audire
699 4287 807 4348 potuita.
820 4285 875 4344 aee)
894 4286 962 4333 Aren.
981 4300 1046 4332 uror
1062 4284 1116 4331 eius
1128 4299 1185 4331 cum
1200 4296 1243 4331 ac.
1270 4282 1346 4332 Simi-

176 4372 246 4420 liters
258 4397 264 4406 -
275 4389 316 4419 rec
328 4372 441 4419 nuntium
457 4370 488 4417 de
501 4385 529 4417 eo
542 4370 644 4417 audiret
661 4385 726 4418 uror
743 4370 803 4417 eius.
827 4384 845 4419 Β
855 4385 904 4433 per
917 4371 1001 4434 quinq.
1016 4384 1123 4425 menses,
1140 4372 1169 4416 at
1186 4368 1224 4416 nit
1240 4384 1349 4432 unquam
1415 4409 1418 4415 .

177 4457 246 4505 andire
253 4459 351 4521 poiaisr.
365 4459 432 4506 Aru.
446 4471 511 4505 azor
523 4472 577 4503 rua.
