2962 4912
301 310 633 363 Psi-:Uno-nlaa'rimffl
653 313 893 365 avan'Gnaluu.
922 314 994 364 CAP.
1012 315 1143 365 xxxxii.
1260 315 1316 376 111

546 532 666 596 Cnnun
689 533 894 600 XXXXH.

213 705 221 737 ¹
241 700 325 767 Cum
347 709 462 767 autem
479 705 613 768 ueniret
629 703 757 786 Ioseph
781 705 824 768 ad
842 705 1035 769 convivium
1052 725 1128 768 cum
1145 703 1227 769 filiis
1245 706 1317 769 anis

138 805 265 887 Iacobo,
291 805 421 888 Ioseph
445 812 479 871 et
500 807 590 871 Iuda
616 814 651 871 et
672 806 834 873 Simeone
859 814 894 871 ot
915 808 1050 873 duabus
1072 807 1210 872 filiabus
1234 808 1317 889 suis,

138 908 373 976 conveniebant
388 908 489 974 Iesus
507 908 666 973 etMaria
681 915 792 973 mater
809 910 884 973 eius
902 929 978 973 cum
995 930 1113 975 sorore
1131 908 1319 974 suaMaria

138 1014 306 1096 Cleophae,
324 1034 427 1096 quam
444 1012 604 1077 dominus
623 1012 708 1076 deus
726 1012 868 1078 donavit
883 1014 975 1095 patri
995 1015 1070 1078 eius
1088 1011 1264 1096 Cleophae
1282 1020 1318 1077 et

88 1138 93 1145 ·
136 1118 243 1183 Annae
262 1117 364 1181 matri
389 1118 479 1197 eius,
503 1138 543 1180 eo
563 1116 656 1200 quod
679 1116 892 1181 obtulissent
907 1115 1056 1181 Mariam
1072 1124 1217 1181 matrem
1232 1116 1315 1181 Iesu

137 1220 268 1286 donnino.
307 1218 356 1282 Et
380 1219 464 1283 haec
486 1219 601 1285 Maria
620 1227 743 1285 vocata
768 1226 822 1285 est
843 1220 949 1284 simili
971 1220 1110 1284 nomine
1132 1219 1247 1284 Maria
1272 1219 1315 1284 ad

138 1322 394 1389 consolationem
410 1329 604 1405 parentum.
638 1323 707 1387 ’Et
723 1344 800 1387 cum
818 1325 1053 1403 conuenirent,
1071 1321 1172 1387 Iesus
1190 1324 1331 1386 sancti-³

138 1425 245 1492 ficabat
264 1430 299 1488 et
314 1423 549 1489 benedicebat
568 1425 665 1505 illos,
689 1431 724 1489 et
745 1427 820 1507 ipse
844 1426 941 1509 prior
961 1425 1155 1507 incipiebat
1174 1424 1316 1489 mandu-

138 1550 201 1597 care
220 1533 252 1592 et
271 1527 403 1592 bibere.
443 1526 554 1592 Nemo
578 1529 670 1592 enim
693 1527 833 1593 illorum
855 1528 1009 1593 audebat
1030 1527 1239 1591 manducare
1262 1526 1315 1590 vel

137 1633 247 1709 bibere,
265 1650 329 1694 nec
341 1630 462 1695 sedere
480 1629 524 1694 ad
535 1651 688 1695 mensam
705 1635 766 1694 aut
781 1651 906 1713 panem
919 1630 1092 1713 frangere,
1111 1629 1222 1694 donec
1238 1630 1314 1711 ipse

139 1731 338 1802 sanctificans
356 1734 530 1816 eosprius
547 1733 612 1798 hoc
629 1734 782 1799 fecisset.
814 1735 863 1798 Et
880 1734 909 1799 si
926 1733 1016 1798 forte
1033 1732 1160 1797 absens
1177 1732 1314 1810 suisset,

139 1835 347 1922 expectabant
372 1835 483 1901 donec
508 1836 573 1902 hoc
598 1837 740 1903 laceret.
772 1838 819 1902 Et
844 1837 983 1920 quando
1010 1837 1085 1919 ipse
1107 1834 1247 1899 volebat
1270 1833 1314 1897 ad

139 1939 343 2006 reiectionem
360 1937 542 2020 accedere,
566 1940 783 2004 accedebant
798 1938 928 2022 Ioseph
949 1945 985 2003 et
999 1937 1115 2002 Maria
1137 1942 1172 2001 et
1188 1935 1314 2000 fratres

139 2045 210 2122 eiua,
230 2040 291 2104 filii
308 2040 449 2123 Ioseph.
480 2041 529 2105 Hi
552 2042 730 2147 siquidem
747 2042 872 2107 fratres
895 2047 975 2106 ante
1000 2041 1119 2105 oculos
1138 2060 1219 2104 suos
1241 2046 1315 2103 tan·

139 2165 221 2229 quam
235 2142 421 2208 luminaria
430 2144 534 2208 vitam
552 2146 626 2210 eius
643 2145 814 2210 habentes
831 2144 1062 2210 observabant
1079 2165 1156 2208 eum
1173 2143 1315 2206 ettimc-

139 2248 213 2313 bant.
240 2244 287 2309 Et
308 2245 448 2328 quando
465 2245 566 2311 Iesus
585 2248 794 2329 dormiebat,
817 2249 887 2312 sive
910 2247 946 2311 in
970 2247 1026 2311 die
1049 2247 1119 2311 sive
1143 2246 1179 2309 in
1200 2250 1313 2325 nocte,

139 2350 255 2415 claritas
267 2347 324 2411 dei
335 2347 543 2431 splendebat
560 2371 665 2432 super·
682 2372 769 2414 eum.
795 2348 861 2415 Oui
872 2350 948 2414 laus
966 2351 1012 2414 sit
1028 2350 1139 2415 omnis
1157 2353 1192 2412 et
1202 2347 1315 2432 gloria

140 2453 168 2516 in
181 2450 286 2515 secula
302 2450 510 2516 seculorum.
541 2449 667 2517 Amen.
699 2451 823 2517 Amen.

141 2593 328 2602 ,-

194 2659 318 2715 mxu,
340 2662 363 2706 1.
389 2660 458 2709 Huic
476 2662 559 2725 capiti
580 2663 744 2725 respondent
758 2678 825 2726 quae
843 2678 861 2711 n
879 2663 967 2727 capite
981 2660 1087 2709 XLVll.
1107 2662 1312 2725 complectitur:

142 2746 188 2794 Ceae
201 2750 273 2793 autem
286 2746 429 2794 conveniret
441 2746 532 2810 Ioeepd
549 2749 584 2796 ud
597 2748 734 2796 convicium
746 2764 801 2796 cam
810 2748 881 2812 fltic'e
894 2747 989 2808 (codex
999 2744 1074 2812 filce)
1088 2746 1183 2810 Alphei
1195 2746 1272 2794 Iacob
1289 2751 1314 2794 et

140 2832 212 2895 laept
226 2835 249 2879 et
266 2831 333 2878 Iuda
350 2835 376 2879 et
388 2831 521 2895 Symeoae,
541 2832 702 2880 conueniebat
719 2837 744 2879 et
762 2832 837 2879 beata
849 2832 964 2880 Mariam
983 2846 1036 2878 cam
1049 2831 1108 2879 Ieeu
1125 2836 1151 2879 et
1167 2848 1255 2880 oerore
1266 2847 1314 2879 eea

139 2917 212 2966 diaria
221 2916 347 2980 Cleopdae,
361 2933 434 2980 qaam
443 2919 507 2966 dom.
521 2919 582 2966 deae
590 2920 662 2966 dedit
670 2915 782 2967 leaenam
790 2919 866 2980 patri
878 2919 931 2965 etue
943 2933 971 2965 eo
981 2918 1047 2980 quod
1059 2916 1190 2966 obtulisset
1199 2917 1313 2966 Mariam

139 3003 288 3053 lateralem
301 3003 408 3052 donnino.
438 3004 477 3051 Et
488 3005 550 3051 daec
562 3008 652 3054 vocata
671 3008 708 3052 eet
719 3003 838 3052 eianiliteo·
851 3002 945 3063 (codex
958 3001 1059 3065 sinaitis)
1072 3003 1163 3052 Maria
1181 3005 1215 3051 ad
1228 3018 1312 3052 coneo·

140 3088 212 3138 letica.
219 3104 273 3150 par.
310 3083 371 3136 ’Ec
384 3104 437 3136 cum
451 3114 458 3123 ·
473 3088 581 3136 benedic.
595 3105 650 3146 eoa,
669 3093 694 3136 et
705 3090 759 3150 ipae
767 3090 844 3149 prior
856 3088 939 3135 anund.
953 3092 977 3135 et
990 3088 1037 3136 bib.
1050 3089 1193 3150 incipiebat.
1220 3088 1314 3136 Nullae

139 3178 192 3225 enin
205 3176 305 3224 oedem
324 3200 333 3210 ·
352 3192 397 3223 nec
415 3177 449 3222 ad
465 3191 573 3223 maneam
591 3177 678 3224 cedere
690 3201 699 3211 ·
712 3175 907 3237 ermectabatar
919 3176 997 3224 donee
1007 3176 1066 3239 fac.
1083 3176 1137 3223 doc.
1161 3175 1200 3222 Et
1212 3174 1312 3237 pacando

139 3261 219 3309 abac
227 3260 316 3320 (codex
329 3275 347 3308 n
358 3261 467 3317 calebat,
480 3266 677 3324 propterquam
689 3262 847 3324 scripturam
859 3261 887 3308 in
898 3260 939 3309 ed.
950 3261 1000 3324 pri.
1011 3267 1105 3324 postea
1115 3259 1148 3308 de
1159 3259 1312 3307 coniectura

140 3362 178 3396 uc
185 3347 321 3394 accedebant
334 3346 420 3406 edidi)
435 3372 442 3381 ·
457 3347 584 3403 accedere,
598 3347 750 3395 accedebant
759 3347 851 3395 Mucia
863 3350 888 3395 et
900 3346 951 3395 Ioe·
965 3348 1100 3409 etsratree
1112 3345 1178 3392 Ieeu.
1197 3344 1236 3392 Ηὶ
1247 3345 1311 3407 eiqa

134 3431 218 3495 fratrer
228 3456 236 3467 ·
248 3431 373 3481 obeeroot.
386 3436 411 3479 et
423 3431 504 3479 timet.
518 3448 571 3479 eum
584 3457 592 3467 ·
605 3432 783 3493 reepleadebat
794 3448 848 3493 eap.
861 3448 923 3480 eam.
953 3433 1041 3494 Atque
1059 3431 1123 3480 haec
1142 3431 1313 3492 excipiuntur

141 3516 164 3565 iu
174 3529 189 3564 1)
198 3517 275 3580 capite
288 3515 411 3566 xavm.
425 3517 495 3580 quod
513 3518 685 3566 inscribitur:
712 3518 899 3566 Commeadacio
914 3517 972 3565 Ieeu
988 3521 1013 3563 et
1025 3516 1129 3563 itariae
1141 3516 1233 3564 matria
1249 3517 1310 3572 etue,

141 3610 165 3650 et
175 3618 186 3651 a
196 3603 271 3652 verbis
283 3603 395 3665 incipit:
410 3602 515 3650 Scribae
527 3607 552 3651 et
560 3604 698 3652 Pharitaee'
708 3605 829 3652 dixerant
840 3604 874 3650 ad
888 3603 986 3651 beatam
995 3603 1124 3650 Mariam:
1146 3601 1181 3648 Ta
1194 3618 1219 3648 ee
1230 3605 1312 3648 mater

142 3693 184 3745 etc,
193 3704 248 3751 quac
261 3689 427 3752 respondent
440 3689 564 3737 extremis
578 3690 666 3738 verbis
679 3690 813 3753 euuangelii
827 3689 913 3737 nostri
926 3688 1042 3736 Thomae
1055 3687 1155 3736 Latini.

131 3754 140 3782 ⁵
196 3773 257 3831 Quae
269 3775 380 3823 ineunte
394 3775 484 3838 capite
498 3773 628 3823 xxxxu.
642 3774 674 3823 de
688 3775 811 3838 cognatis
825 3774 885 3823 lesu
898 3774 1000 3837 scripta
1012 3778 1084 3828 sunt,
1098 3772 1131 3820 acl
1145 3788 1176 3820 ca
1189 3771 1310 3820 adhiberi

144 3863 306 3922 permutante
319 3871 335 3906 a
350 3860 445 3908 habet:

195 3943 290 3992 Etcum
308 3944 399 4006 Ioseph
415 3949 539 3993 senectute
555 3945 711 4006 cteerepiluc,
730 3949 841 3993 mortuae
858 3949 883 3992 et
899 3944 1013 4005 sepultae
1031 3960 1084 3991 cam
1097 3943 1248 4017 parentibae
1258 3943 1312 3992 saie

139 4027 221 4089 suiset,
231 4029 298 4078 beata
311 4029 410 4093 (eirpoe
428 4030 552 4079 secundis
566 4032 635 4079 curie
655 4030 788 4091 additum)
802 4030 892 4078 Marta
910 4046 963 4077 carn
981 4029 1112 4091 nepotibus
1128 4029 1181 4077 aa
1192 4029 1245 4076 eice
1257 4044 1311 4076 cem

141 4111 194 4176 stite
199 4130 298 4164 morem
307 4132 410 4163 aearum
417 4113 509 4178 [erat]
526 4115 649 4176 Quoniam
656 4119 733 4164 Anna
742 4121 767 4164 et
773 4117 898 4164 Emertna
907 4117 1127 4179 rororeefaerant.
1140 4115 1182 4162 De
1190 4115 1312 4162 Emerina

148 4195 220 4258 (codex
230 4199 361 4249 Hemerina
377 4201 404 4249 h.
417 4200 447 4258 l.)
461 4202 586 4265 natasuit
599 4202 716 4250 Ediscebat
735 4206 815 4250 rnater
827 4201 951 4249 Iohannis
967 4200 1100 4262 baptietae.
1124 4202 1201 4248 Anna
1214 4198 1308 4261 (codex

149 4283 274 4347 ςιίαΔααα)
292 4286 377 4334 beatae
392 4286 497 4334 Martae
515 4291 595 4334 mater
614 4303 667 4334 cam
685 4291 749 4335 earet
764 4288 858 4335 decora
876 4287 965 4343 calcle,
984 4290 1081 4335 mortuo
1096 4286 1209 4334 Ioacdim
1224 4286 1310 4346 aapeit

151 4366 252 4430 Cleoptoe,
262 4371 290 4418 de
303 4387 350 4435 qao
362 4371 543 4436 tabaitfiliam
555 4373 704 4419 secundam:
717 4373 816 4420 vocavit
828 4388 882 4420 eam
895 4371 1017 4429 Mariam,
1030 4386 1104 4434 paam
1113 4371 1184 4418 dedit
1194 4370 1311 4432 Alpheae

151 4450 270 4514 inmari,
287 4457 380 4520 deque
397 4460 469 4506 ortae
485 4457 765 4518 catiacobu.c1llpteei
781 4462 806 4506 et
817 4458 954 4520 Philippus
961 4458 1055 4522 frater
1069 4458 1130 4506 etue.
1154 4456 1261 4506 Mortuo
1272 4472 1309 4503 ee·
