3000 4912
372 297 603 348 svsnaamun
623 298 768 350 THOMAE
787 300 956 350 LATINUM.
985 300 1031 352 VI.
1232 302 1304 364 ’169

102 452 217 512 autem
234 446 322 512 abiit
338 448 471 513 attulit
488 469 575 515 eum.
599 448 647 515 Et
657 449 822 515 dixerunt
837 450 885 515 ei:
909 451 1049 516 Recede
1068 451 1109 516 de
1127 451 1204 518 loco
1221 453 1305 534 iste,

103 555 136 615 et
153 549 228 614 site
246 556 385 632 oportet
401 570 477 616 esse
489 551 681 634 nobiscum,
699 552 784 618 doce
803 573 881 618 eum
899 572 997 618 orare
1015 554 1303 639 etnonblasphe-

102 672 194 717 mare
204 675 213 730 ;
232 651 296 717 filii
307 659 423 718 autem
434 654 546 719 nostri
558 654 727 720 insensati
741 661 832 720 sunt.
864 655 1034 723 ’Vocavit
1043 656 1173 741 Ioseph
1183 658 1304 724 Iesum

103 762 136 822 et
153 757 270 840 coepit
287 777 364 821 eum
382 756 522 823 docere:
553 756 604 823 Ut
619 758 704 841 quid
720 757 966 842 blasphemas?
996 759 1227 826 Habitatores
1242 762 1304 826 isti

102 859 143 925 de
161 859 237 926 loco
255 859 323 926 isto
342 860 460 925 odium
476 860 607 926 habent
623 883 728 946 super
744 883 817 928 nos.
845 862 948 928 Iesus
965 870 1080 929 autem
1098 863 1200 928 dixit:
1225 864 1303 949 Ego

103 968 218 1028 autern
235 963 308 1029 scio
320 964 413 1047 quod
429 965 489 1030 isti
507 985 684 1030 sermones
701 986 771 1031 non
789 971 871 1031 sunt
881 967 958 1048 mei,
976 966 1038 1030 sed
1054 967 1106 1030 tui
1123 972 1219 1047 sunt3
1238 988 1305 1051 ego

102 1072 218 1131 autem
234 1067 358 1132 tacebo
374 1073 583 1151 propterte:
605 1069 674 1151 ipsi
695 1075 811 1134 autem
827 1069 969 1135 videant
984 1069 1020 1132 in
1038 1069 1212 1151 sapientia
1228 1091 1302 1135 sua.

101 1167 148 1234 ut
163 1168 200 1232 hi
217 1170 334 1235 statim
351 1172 411 1253 qui
427 1171 663 1254 loquebantur
679 1172 844 1238 adversus
860 1171 979 1237 Iesum
996 1173 1091 1237 caeci
1107 1173 1192 1238 facti
1209 1179 1302 1237 sunt.

102 1270 150 1337 Et
167 1271 432 1338 deambulantes
455 1273 634 1339 dicebant:
669 1271 801 1340 Omnes
824 1295 1001 1340 sermones
1025 1276 1085 1359 qui
1107 1275 1304 1359 procedunt

102 1374 144 1440 de
163 1395 221 1440 ore
240 1375 315 1440 eius
333 1376 539 1441 exercitium
555 1376 697 1441 habent.
724 1377 795 1442 ⁸Et
810 1397 888 1442 cum
903 1377 1051 1482 vidisset
1066 1378 1195 1462 Ioseph
1213 1399 1302 1461 quae

103 1478 189 1544 iecit
197 1477 309 1560 Iesus,
329 1500 405 1544 cum
416 1479 534 1545 furore
551 1480 785 1562 apprehendit
801 1501 878 1545 eum
895 1502 959 1563 per
974 1481 1176 1546 auriculam.
1201 1480 1304 1546 Iesus

102 1587 217 1647 autern
236 1581 398 1646 turbatus
416 1581 504 1648 dixit
526 1582 570 1648 ad
586 1582 729 1666 Ioseph:
762 1581 903 1649 Sufficit
924 1583 989 1649 tibi
1005 1582 1123 1649 videre
1140 1604 1209 1665 me,
1234 1604 1303 1648 non

102 1704 154 1749 me
177 1691 332 1768 tangere.
372 1683 424 1749 'Pu
449 1685 541 1749 enim
564 1686 678 1750 nescis
703 1685 781 1768 quis
808 1706 870 1769 ego
897 1707 987 1752 sum:
1014 1686 1159 1770 quodsi
1183 1687 1304 1769 scires,

102 1808 169 1852 non
193 1808 246 1852 me
269 1787 506 1853 contristares.
545 1786 593 1851 Et
614 1788 769 1871 quamuis
789 1787 890 1853 modo
912 1793 1028 1853 tecum
1050 1810 1140 1869 sum,
1165 1794 1245 1854 ante
1266 1795 1306 1853 te

102 1888 216 1955 factus
233 1911 318 1955 sum.

182 2114 275 2165 Curua
294 2115 340 2166 Vl.
377 2114 552 2175 QUOMODO
571 2115 772 2167 ualentius
791 2117 855 2167 EST
874 2116 974 2167 Iasus
993 2119 1014 2166 Α
1034 2117 1222 2168 MAGISTRO.

189 2268 199 2301 ¹
216 2265 484 2350 igiturquidam
499 2265 601 2331 homo
617 2269 756 2333 nomine
767 2267 929 2334 Zaeheus
949 2267 1173 2332 auscultabat
1188 2268 1305 2333 omnia

103 2389 191 2451 quae
208 2368 419 2451 loquebatur
429 2369 531 2434 Iesus
548 2368 592 2433 ad
602 2369 742 2454 Ioseph,
761 2376 796 2436 et
812 2370 1004 2435 admiratus
1020 2371 1057 2434 in
1075 2371 1301 2452 semetipsum

103 2545 203 2609 scripta
216 2550 270 2594 est:
283 2546 346 2595 Post
355 2546 410 2594 dies
422 2546 503 2609 ipitur
511 2561 610 2610 paucos
618 2545 796 2595 deambulabat
809 2547 899 2594 iterum
909 2545 982 2594 lesere
991 2561 1044 2594 cum
1056 2544 1147 2607 loseph
1156 2545 1305 2609 persillum

103 2634 126 2679 et
143 2632 258 2680 cucurrit
274 2646 338 2679 uuus
353 2630 384 2679 de
402 2631 544 2695 irsy'estibus
555 2631 691 2680 Iudeorum
708 2635 734 2680 et
747 2633 876 2694 percussit
888 2631 971 2679 Iesum
987 2631 1014 2679 iu
1030 2630 1114 2681 uiuae.
1138 2630 1211 2679 Iessea
1229 2655 1238 2667 ·
1259 2630 1306 2679 Sic

99 2717 242 2782 perficias·
256 2717 305 2767 Illi
316 2717 429 2767 uidentes
439 2716 571 2766 mirabilia
583 2717 758 2767 clamaverunt
769 2718 894 2767 duetus:
918 2716 989 2765 Unde
1001 2720 1039 2765 eet
1047 2731 1114 2778 puer·
1126 2716 1190 2765 iste?
1204 2742 1212 2754 ·
1227 2716 1305 2765 talem

100 2818 213 2867 puerum.
238 2803 290 2852 Abi
301 2818 361 2867 erpo
373 2807 400 2853 et
411 2802 473 2853 totle
485 2819 540 2852 eum
555 2807 581 2852 et
589 2818 668 2866 perpe
680 2804 711 2852 de
724 2802 779 2852 loco
791 2804 849 2853 isto.
879 2802 965 2851 Sedet
978 2805 1078 2864 oportet
1090 2816 1144 2850 eum
1156 2817 1208 2851 esee
1221 2802 1301 2851 sobec-

104 2905 165 2947 eum,
178 2889 240 2939 doce
252 2914 261 2927 ·
274 2891 366 2938 inserts.
379 2893 445 2938 eust.

170 2979 195 3025 2.
215 2977 297 3038 eoepit
309 2974 339 3037 (s
348 2973 495 3039 praecepit)
512 2991 566 3024 euru
577 2976 681 3024 docere.-
698 2976 737 3024 sic
751 2988 768 3023 n
782 2980 810 3025 et
822 2988 850 3024 1).
875 2976 1000 3025 Fortasse
1018 2973 1204 3038 corrigendum
1222 2976 1305 3036 coepit

104 3062 137 3111 aa
149 3078 203 3110 euru
215 3062 307 3110 dicere.
327 3060 442 3110 Graece:
459 3056 609 3126 ἐμουθὲτει
624 3053 716 3128 αὖτὸμ
729 3057 830 3127 λέγωμ
845 3059 878 3123 (Α
889 3060 921 3121 V,
935 3061 971 3122 1.)
985 3059 1102 3109 suadent
1114 3062 1145 3108 ut
1156 3065 1304 3123 reponatur

104 3148 245 3209 increpavit
253 3163 307 3194 eum
316 3148 410 3196 diceus.
425 3143 429 3210 Ι
443 3146 474 3194 de
484 3145 539 3195 loco
549 3147 613 3196 isto:
627 3146 692 3195 haec
703 3159 720 3195 Δ
731 3141 798 3195 msle
809 3151 872 3210 post
880 3160 958 3209 super
966 3160 1011 3194 uos
1020 3145 1108 3208 ponit.
1122 3140 1126 3208 Ι
1141 3144 1167 3192 iu
1176 3145 1303 3207 sapientia

105 3248 162 3281 cua:
175 3232 214 3281 sic
225 3246 258 3291 s;
271 3231 352 3281 aliter
361 3245 390 3290 n,
403 3247 481 3295 quem
491 3231 552 3283 vide
567 3230 571 3298 Ι
585 3233 732 3282 exercitium
741 3232 848 3280 tabeat:
861 3231 901 3280 its
910 3244 944 3290 s;
957 3244 975 3280 1>
985 3231 1012 3279 iu
1021 3230 1138 3292 operibus
1146 3235 1305 3280 exercentur.

170 3317 265 3382 Pergit
277 3331 310 3367 n:
335 3316 441 3366 Vocaeit
458 3332 519 3381 erpo
531 3316 583 3367 Ios.
600 3321 626 3366 et
643 3319 710 3380 cepit
726 3333 780 3366 eum
797 3317 901 3365 docere:
930 3315 964 3364 Ut
975 3314 1036 3379 quid
1052 3314 1224 3377 blasphemae?
1248 3315 1305 3365 lam

104 3404 173 3453 eides
185 3403 246 3468 quia
258 3404 303 3452 icti
314 3403 472 3453 habitatores
482 3404 514 3453 de
525 3405 574 3453 isto
588 3403 643 3454 loco
655 3404 739 3453 odium
752 3403 844 3452 babent
855 3417 932 3465 super
942 3417 989 3451 uos
1001 3426 1010 3437 ·
1023 3401 1090 3449 dicit
1105 3401 1139 3449 ad
1152 3417 1220 3449 eum:
1245 3403 1306 3466 Epo

105 3487 162 3538 beree
170 3489 224 3539 ecia
234 3489 294 3552 quia
303 3503 376 3536 serm
386 3488 431 3537 isti
443 3513 452 3524 ·
467 3489 517 3552 ipsi
526 3489 602 3538 etiam
610 3489 715 3538 uideant
724 3488 896 3551 insipientiores
905 3503 985 3537 suam
1002 3486 1041 3535 Et
1050 3486 1137 3535 statim
1149 3487 1176 3534 bi
1184 3487 1228 3550 qui
1236 3487 1303 3537 dice·

105 3573 163 3624 baut
180 3574 238 3624 ade.
251 3573 288 3623 Ie.
308 3573 360 3622 ceci
367 3573 412 3638 sa.
430 3577 497 3623 ruat.
521 3574 560 3623 Et
571 3573 761 3624 dearubuiaatee
772 3574 822 3622 die.
836 3573 897 3637 quia
915 3587 998 3622 omnes
1012 3586 1118 3621 sermon.
1132 3571 1174 3634 qui
1182 3573 1304 3634 procede-

104 3659 162 3709 baut
174 3661 206 3710 de
218 3675 261 3708 ore
273 3660 327 3708 etue
338 3658 365 3708 iu
376 3658 494 3720 operibus
504 3663 662 3709 eeerceutur.

171 3748 196 3795 3.
215 3744 288 3795 llaec
302 3745 331 3794 in
343 3758 362 3795 n
376 3749 457 3808 ceput
469 3744 563 3793 XXXI.
577 3745 710 3803 efficiunt,
723 3744 795 3810 qnod
808 3744 978 3795 inscribitur:
1007 3741 1080 3805 Quod
1093 3743 1165 3791 Iesus
1173 3743 1305 3806 probibuit

104 3829 194 3897 Iosepb
213 3848 242 3880 ue
256 3847 305 3893 per
324 3831 390 3880 iram
401 3848 455 3880 eum
468 3835 594 3894 tauperet.
620 3830 731 3895 Legitur
748 3831 801 3880 ibis
822 3831 883 3879 Cum
901 3834 983 3879 autem
998 3830 1103 3879 sidunt
1115 3830 1205 3892 Ioseph
1218 3854 1227 3866 ·
1240 3831 1305 3880 euim

105 3917 131 3979 (Δ
144 3916 239 3980 autem)
252 3917 400 3980 uesciequie
412 3915 509 3978 (codex
523 3917 596 3981 quia,
614 3917 679 3966 item
698 3929 715 3965 Δ
733 3916 812 3980 quode
829 3917 936 3979 reposui
953 3916 1038 3980 igitur
1055 3930 1103 3978 per
1121 3916 1303 3966 coniecturam

105 4003 167 4066 quis)
182 4029 191 4041 ·
206 4003 307 4069 Sufficit
319 4003 373 4061 tibi,
386 4002 443 4051 uide
452 4001 514 4065 (sic)
525 4017 563 4051 me
574 4005 601 4050 et
612 4001 666 4052 aeli
677 4017 715 4052 me
728 4027 736 4039 ·
751 4003 926 4052 contristarer.
948 4000 1068 4062 Qamms
1079 4002 1144 4050 euim
1156 4005 1236 4050 tecm
1248 4003 1304 4060 mm,

103 4092 185 4139 tornes
197 4093 257 4138 aute
270 4089 342 4153 tusa.
356 4103 417 4136 suan.

170 4175 216 4223 Vl.
236 4173 268 4223 In
280 4175 361 4224 titulo
372 4191 389 4222 a
397 4174 520 4237 mapietro
532 4172 688 4236 scripsimus
698 4187 746 4236 pro
758 4173 785 4221 iu
795 4188 867 4236 apro,
882 4171 953 4236 quod
964 4171 1048 4222 codex
1058 4184 1075 4220 Δ
1087 4170 1178 4223 habet.
1197 4186 1215 4222 n
1225 4188 1302 4224 vero:

104 4259 143 4308 De
155 4261 237 4309 Zacbe
250 4258 311 4321 (sic)
326 4260 448 4323 mapistro
460 4259 519 4307 Iesu
531 4261 557 4307 et
568 4257 652 4306 uerbis
664 4273 757 4307 eorum.

173 4348 196 4395 i.
224 4345 350 4395 Molem:
372 4345 531 4395 retinuimus
552 4344 580 4393 in
603 4343 654 4392 boc
676 4345 784 4393 nomine
806 4347 978 4394 constantem
1000 4343 1161 4408 scripturam
1182 4344 1304 4394 codicum

105 4443 121 4478 Δ
134 4436 162 4482 et
173 4444 201 4482 1³.
