2962 4912
499 270 694 323 ιιιοιοοοιο
713 272 839 324 mm.
1205 273 1267 337 455

70 424 197 511 ταῦτιιμ
222 424 457 508 κατοδικοίσιρσ,
482 421 576 488 ἀλλὰ
598 423 825 510 συγχώριισομ
850 424 922 510 ιἰμῖμ
946 429 996 488 καί
1020 427 1057 509 ἑμ
1081 429 1177 511 μερίδι
1193 435 1267 515 τὼμ

71 540 203 623 δικοίοομ
229 560 291 601 σου
314 535 627 622 συγκοταρίθμιισομ
652 530 751 621 ῦμοῖσ.

157 649 185 689 ¹⁰
199 649 267 713 Καὶ
281 646 352 713 ῑδοῦ
366 650 586 732 τελέοομτοσ
604 645 665 731 τιὶμ
686 646 787 733 εῦχιίμ
803 643 866 712 τοῦ
881 648 1033 713 Πιλάτου
1048 639 1151 734 ιἰλθεμ
1168 652 1267 737 ῲοομίι

70 763 106 825 ἐκ
127 753 191 825 τοῦ
214 754 357 845 οῦροιμοῦ
378 763 552 844 λέγουσα·
586 754 794 845 μοκοιριοῦσίμ
819 783 860 824 σε
883 755 995 824 ωᾶσαι
1020 764 1053 824 αῖ
1073 767 1193 848 γεμεοὶ
1216 769 1268 829 καί

67 877 102 936 οιῖ
124 877 265 959 ωατριαῖ
283 877 356 963 τῶμ
376 872 498 956 ἑθμῶμ,
522 870 571 934 ὄτι
589 873 650 934 ἑωὶ
667 866 730 935 σοῦ
746 870 1005 957 ἑωλιιρώθιισομ
1020 867 1132 938 ταῦτα
1147 873 1269 961 ωάμτο

68 985 113 1048 τὰ
135 983 208 1049 ῦωὸ
229 989 302 1068 τῶμ
325 989 521 1067 ωροῴιιτῶμ
545 986 700 1068 εῑριιμέμο
722 987 803 1067 ωερῑ
826 979 922 1067 ἐμοῦ·
961 988 1011 1047 καὶ
1035 984 1077 1049 σῦ
1100 988 1137 1050 δὲ
1160 986 1268 1050 οὖτὸσ

69 1097 198 1182 μάρτυσ
221 1120 282 1182 μου
306 1098 343 1180 ἑμ
366 1089 408 1177 τῇ
432 1097 574 1179 δευτέρᾳ
598 1119 659 1178 μου
681 1098 856 1179 ωαρουσίᾳ
879 1090 1019 1180 ὄῲθιῖμαι
1043 1104 1154 1182 ἔχεισ,
1183 1098 1267 1184 ὄταμ

69 1213 190 1293 μέλλω
213 1213 312 1292 κρῖμοι
335 1207 405 1271 τὰσ
428 1204 559 1272 δώδεκα
581 1207 699 1289 ᾡύλασ
720 1201 783 1270 τοῦ
798 1205 936 1292 Ἰσραιίλ
959 1213 1009 1272 καὶ
1028 1209 1114 1274 τοῦσ
1130 1210 1171 1294 μίι
1188 1211 1266 1295 ὁμο-

68 1320 298 1405 λογιίσαμτοσ
327 1313 381 1403 τῷ
409 1316 548 1403 ὀμόματί
578 1341 649 1401 μου.
701 1318 768 1382 Καὶ
802 1320 988 1404 ἑτετίμορεμ
1020 1319 1081 1405 τιίμ
1113 1324 1266 1407 κεῴολιίμ

69 1432 221 1496 Πιλάτου
250 1429 268 1495 ὃ
295 1433 512 1515 ωρέῴεκτοσ,
541 1434 591 1493 καί
619 1428 690 1493 ῑδοῦ
718 1429 881 1515 ἅγγελοσ
909 1431 1016 1514 κυρίου
1045 1432 1185 1515 {aqam
1208 1432 1267 1496 αὖ·

70 1543 142 1629 τιίμ.
186 1537 305 1606 ίὸοῦσοι
328 1543 365 1605 δὲ
388 1539 513 1627 ιἰγυμίι
537 1534 642 1606 αὐτοῦ
660 1539 796 1624 Πρόκλο
817 1539 877 1627 τὸμ
902 1541 1059 1628 ἅγγελομ
1084 1542 1265 1629 ἑρχόμεμομ

68 1660 120 1719 καί
144 1654 328 1739 ὄεχόμεμομ
351 1653 412 1737 τιίμ
437 1652 588 1737 κεῴολιίμ
611 1646 726 1728 αὐτοῦ,
751 1646 864 1737 χαρᾶσ
885 1655 1086 1718 ωλιισθεΐσα
1108 1659 1158 1718 καί
1182 1654 1266 1718 οῦτίι

67 1765 231 1851 ωαροιυτὰ
259 1766 442 1850 ᾶωέδοοκεμ
470 1764 511 1829 τὸ
539 1759 692 1848 ωμεῦμα,
725 1768 775 1827 καί
803 1764 915 1848 ἑτάῴιι
943 1764 1029 1849 μετὰ
1055 1760 1118 1830 τοῦ
1144 1766 1267 1852 ἆμδρὸσ

70 1901 189 1943 αυτιισ.

66 2049 233 2119 ᾶωολὲσιρσ
257 2053 328 2116 (-AA
348 2050 437 2115 -σεισ)
461 2064 497 2119 με
523 2049 552 2114 (A
569 2048 622 2100 Add
645 2046 784 2099 ὁὲσωοτα
808 2043 893 2115 κῦριε)
921 2053 926 2110 1
952 2044 990 2116 u]
1015 2049 1046 2113 (A
1063 2043 1120 2119 τίιμ
1140 2049 1196 2116 Ate)
1214 2048 1264 2119 ἁμ.

68 2153 125 2208 μου
143 2135 240 2204 ταύτῃ
259 2177 266 2191 .
282 2177 289 2191 .
307 2151 324 2187 τι
343 2131 438 2203 τοῦτιι
457 2132 495 2202 τιῙι
514 2131 573 2205 ὀμ,
595 2150 613 2187 ιι
630 2137 698 2185 ταῖσ
717 2132 873 2204 ἁμορτίοισ
891 2150 949 2205 μου
968 2133 1009 2186 καί
1027 2131 1064 2202 τξι
1084 2131 1191 2205 ἁγμοίᾳ
1210 2150 1267 2204 μου

64 2217 161 2289 τοῦτιι
189 2224 194 2288 Ι
220 2217 298 2273 ἀλλὰ
321 2217 564 2291 ἁμμιισικοίκιισομ
589 2221 640 2284 (ito
659 2234 677 2270 A
700 2226 728 2271 et
752 2216 819 2270 ἀλλ’
841 2218 908 2290 ἁμμ.
931 2222 962 2284 A)
985 2217 1039 2270 ἐστ’
1061 2216 1125 2289 ἐμοὶ
1149 2217 1204 2286 κιίρ.
1225 2219 1266 2272 καί

64 2305 104 2375 τῇ
124 2315 177 2361 otc.
196 2348 203 2360 .
220 2346 226 2361 .
245 2322 262 2358 A
281 2302 357 2358 ἀλλὰ
378 2300 508 2375 ἑλὲιισόρ
529 2320 564 2375 με
584 2304 626 2356 καί
644 2300 703 2373 τιὶρ
722 2301 832 2375 ὄοῦλιιμ
853 2321 879 2360 σ.
899 2299 1032 2374 Πρόκλαμ
1055 2305 1059 2370 Ι
1080 2321 1097 2357 ι
1115 2304 1148 2375 ἑρ
1166 2322 1193 2359 τ.
1212 2306 1265 2374 Ap.

64 2391 127 2445 τιίσ
144 2390 293 2444 τελευτῦσ
313 2408 378 2463 μου,
397 2409 415 2444 A
434 2410 476 2444 om
495 2391 527 2462 ἐρ
547 2400 575 2444 et
592 2385 688 2459 ταύτῃ
712 2393 717 2455 1
742 2385 781 2460 ιῖμ
800 2389 919 2461 ᾰμὲὄειῑ.
940 2395 991 2458 (ito
1008 2408 1039 2454 τις
1057 2406 1075 2443 A
1094 2387 1196 2462 ᾖμωερ
1215 2390 1267 2452 ἑὸ..

66 2495 83 2530 ι
102 2475 140 2549 ι“ιρ
160 2478 211 2544 ἑὸ.)
229 2471 438 2546 ωροῲιιτεῦειμ
458 2479 509 2541 (iu
527 2491 576 2539 οτι
595 2492 613 2527 A
632 2473 757 2542 ·τεῦσοι)
776 2476 782 2543 l
800 2492 817 2528 τε
835 2494 878 2529 om
897 2474 940 2529 ὅτι
959 2475 1011 2543 εἷχ.
1030 2491 1074 2529 στ.
1093 2493 1144 2544 ωρ.
1165 2481 1169 2542 Ι
1189 2494 1206 2532 ι
1225 2472 1265 2548 μίι

66 2564 99 2637 ἐμ
123 2562 161 2632 τι]
186 2563 235 2635 ἅμ.
255 2563 344 2634 ιὶμὼμ
364 2561 438 2632 κύριε
457 2561 580 2614 κοταὸικ.
602 2559 684 2632 ιἰμᾶσ
705 2562 710 2628 Ι
735 2561 807 2634 ἑμῇι
830 2581 847 2616 A
867 2562 915 2634 μία
939 2569 944 2627 1
969 2580 1052 2631 ουγχ.
1071 2564 1137 2635 ιἰμῖμ
1158 2568 1186 2630 (τι
1206 2579 1266 2633 μοις

65 2665 82 2703 2
101 2652 154 2704 Add
172 2645 210 2701 τὰ
228 2648 473 2718 ωοροωτώματα
493 2647 593 2717 ιἰμῶμ)
612 2666 633 2698 κ.
652 2645 685 2716 ἐρ
705 2662 766 2717 μερ.
782 2664 809 2699 τ.
830 2648 853 2700 ὁ.
873 2665 928 2701 σου
946 2652 975 2715 (A
994 2645 1070 2720 μετὰ
1086 2651 1151 2722 τῶμ
1170 2646 1265 2720 ἂγίοομ

66 2751 123 2788 σου
141 2738 309 2802 (συγκοιτορ.
329 2738 381 2799 (ita
399 2751 424 2791 ιι.
444 2750 479 2786 An
498 2732 638 2804 ουραριθ.)
658 2733 709 2803 ιἰμ.

153 2827 195 2876 10.
226 2838 243 2873 A
261 2819 487 2889 τελειώσαρτοσ
508 2823 513 2885 Ι
534 2833 551 2871 ι
569 2818 600 2871 ἐκ
617 2821 683 2889 τῶμ
702 2819 841 2890 οῦρομὼρ
861 2822 866 2887 1
887 2838 950 2891 μακ.
971 2837 1007 2873 σε
1025 2823 1054 2886 (A
1072 2823 1125 2874 Add
1145 2818 1266 2886 Πιλᾶτε)

64 2901 102 2960 οι.
123 2907 150 2958 οἱ
168 2920 232 2976 γεμ.
251 2904 293 2956 καί
312 2907 339 2955 αἱ
358 2919 449 2970 ωατρ.
469 2907 520 2970 (ito
538 2907 604 2957 hAAc
622 2920 654 2967 ις
678 2919 695 2954 τι
719 2919 755 2955 ω.
774 2907 803 2956 οί
824 2907 898 2974 γεμ.)
923 2922 948 2959 τ.
967 2904 1028 2975 ἑθρ.
1053 2908 1082 2970 (τι
1100 2907 1154 2969 om)
1181 2911 1186 2967 1
1213 2902 1266 2957 ἑωί

66 2987 122 3041 σοῦ
142 3009 200 3043 cum
219 3006 237 3041 A
257 3029 284 3043 ..
303 3005 321 3040 n
339 2985 404 3040 ῦωὸ
423 2986 480 3039 σοῦ
503 2990 508 3052 1
531 3004 549 3041 A
567 2987 737 3057 ἑωλιιροίιθιι
761 2994 766 3051 1
790 2987 885 3041 τοῦτο
903 3024 912 3034 .
931 2988 1072 3059 εῑριιμὲμα
1090 3007 1149 3042 cum
1167 3006 1230 3044 A..
1248 3005 1266 3042 τι

64 3071 159 3146 ωὰρτ.
183 3070 235 3142 [τὰ
259 3075 342 3142 Adde]
369 3070 580 3144 ῦωομμιίματα
606 3077 670 3144 τῶμ
696 3091 748 3142 ωρ.
771 3071 809 3127 τὰ
834 3076 884 3143 εῑρ.
912 3077 917 3141 1
943 3093 960 3129 ιι
982 3093 1024 3128 om
1048 3076 1092 3127 ὄτι
1116 3095 1175 3144 tuq.
1195 3075 1265 3143 ωερί

65 3163 95 3226 (A
113 3158 203 3226 mup')
222 3156 297 3229 ἐμοῦ
317 3163 322 3225 Ι
343 3158 385 3209 καί
404 3193 411 3203 -
432 3154 528 3210 αῦτὸσ
545 3163 592 3224 (BR
610 3161 664 3226 om)
684 3156 797 3229 μάρτυσ
815 3175 872 3230 μου
891 3161 918 3224 (ιι
938 3162 1093 3228 μοιρτυρεῑσ
1112 3176 1181 3231 μου,
1197 3177 1215 3213 τι
1235 3179 1264 3230 μ.

67 3263 94 3315 μ.
114 3243 182 3313 ἐσμ,
205 3261 222 3297 A
243 3240 326 3314 μάρτ.
346 3242 414 3312 ἐσιρ)
433 3243 466 3314 ἐμ
484 3241 522 3311 tf«
542 3248 594 3311 (its
611 3261 642 3306 ο,
666 3261 684 3297 τι
706 3244 758 3296 ἑωί
776 3242 836 3296 τῦσ
855 3253 912 3306 ete,
935 3260 953 3297 A
972 3245 1004 3316 ἐμ
1023 3241 1079 3313 γὰρ
1097 3243 1146 3314 τιζι)
1165 3280 1173 3290 -
1192 3243 1263 3314 ὀῴθ.

66 3330 109 3400 ἐχ.
128 3335 206 3398 (οιιεο
224 3351 267 3385 om
286 3333 314 3397 A)
336 3337 340 3395 Ι
362 3347 379 3387 n
398 3329 450 3384 ὅτε
470 3331 571 3401 μέλλω
593 3335 598 3399 Ι
618 3326 678 3385 τὰσ
695 3331 766 3385 Anba,
784 3368 793 3377 .
812 3331 937 3402 ὀμολογ.
954 3331 1000 3398 τῷ
1024 3332 1068 3402 ὀμ.
1089 3351 1115 3403 μ.
1133 3335 1185 3398 (ito
1201 3349 1263 3394 A,A

66 3419 109 3471 καὶ
126 3414 357 3489 ωιστεύσομτασ
376 3438 424 3487 pro
442 3436 468 3473 τ.
482 3417 507 3470 ὀ.
523 3420 599 3489 μ.)..
615 3435 632 3473 ι
651 3422 771 3489 ζῶμτοσ
790 3438 811 3472 κ.
827 3415 957 3490 μεκροὺσ,
977 3420 1018 3471 καί
1035 3415 1095 3472 τὰσ
1113 3419 1182 3473 ὄώὸ.
1195 3414 1264 3488 ᾠῦλ.

63 3500 124 3557 τὰσ
143 3500 183 3577 μίι
203 3501 444 3576 ὀμολογιισάσοσ
464 3504 538 3576 μιιὸὲ
556 3502 770 3559 ωιστευσὰσασ
788 3509 833 3559 εῖσ
850 3502 886 3557 τὸ
906 3502 950 3577 ὄρ.
970 3524 998 3577 μ.
1025 3507 1030 3575 1
1054 3507 1108 3559 Καί
1131 3505 1262 3578 ἐτετίραρ.

65 3586 178 3659 (ιἨρε
198 3590 241 3657 δὲ)
265 3608 292 3645 τ.
313 3610 335 3645 κ.
355 3593 418 3646 Πιλ.
437 3594 468 3658 (ι
486 3590 590 3658 αὐτοῦ)
610 3591 626 3643 ὁ
645 3594 675 3657 (A
694 3595 746 3656 om)
765 3591 943 3661 ωρὲῲεκτοσ
960 3596 988 3659 (ι
1005 3588 1265 3660 ωερῲεκτιὰλὸεοσ

64 3683 118 3743 ιίο,
140 3682 202 3733 vide
220 3682 296 3746 Ante)
320 3698 379 3733 eum
397 3696 433 3733 A!
451 3718 478 3734 ..
498 3696 514 3731 ιι
532 3674 605 3732 τότε
624 3674 678 3750 οῦμ
702 3679 718 3730 ὁ
739 3681 800 3732 Πιλ
819 3679 953 3752 ἐκτείμασ
970 3676 1024 3752 τὸμ
1043 3675 1196 3752 τρὰχιιλομ
1215 3681 1263 3733 οῦ·

62 3762 127 3821 τοῦ.
146 3763 303 3836 ᾰωὲτεμεμ
322 3761 379 3835 τιίμ
400 3764 464 3833 κεῲ.
484 3764 576 3818 αὐτοῦ
596 3767 612 3816 ὁ
630 3760 811 3834 ωρόῲεκτοσ
828 3769 890 3833 (uic)
915 3773 920 3830 Ι
944 3766 986 3818 καὶ
1003 3762 1065 3819 ῑόοῦ
1083 3803 1092 3812 ·
1111 3765 1151 3820 ἑὸ.
1168 3763 1263 3839 οῦτίιμ

64 3871 124 3905 eum
142 3868 179 3905 A}
197 3891 224 3907 ..
242 3869 260 3905 τι
279 3871 321 3905 om
347 3855 352 3916 1
379 3868 397 3903 ιι
421 3850 579 3921 θεωροῦσα
600 3852 633 3905 δέ
659 3857 663 3918 Ι
691 3849 745 3924 τόμ
768 3847 835 3920 ἇγγ.
853 3853 913 3922 ἑρχ.
933 3889 941 3900 .
959 3872 986 3907 τ.
1007 3869 1044 3907 κε.
1064 3851 1157 3905 αὐτοῦ
1175 3857 1203 3920 (ι
1221 3873 1264 3907 om

64 3938 124 4006 ἑρχ.
143 3956 202 4005 qu.
222 3935 328 4003 οιῦτοῦ)
353 3957 412 3991 eum
430 3954 466 3992 ιι
484 3977 511 3993 ..
530 3955 547 3991 τι
566 3957 608 3992 om
628 3940 634 4007 1
652 3936 688 3991 τὸ
707 3936 832 4009 ωρεῦμα
852 3977 881 3991 ..
900 3956 918 3991 A
936 3942 989 3993 Add
1009 3936 1126 4007 αῡτίισΙ
1143 3934 1217 4009 μετὰ
1234 3955 1262 3993 τ.

63 4025 144 4097 ἁμόρ.
163 4024 276 4077 αῦτιῖσι
304 4030 346 4079 his
369 4029 480 4080 libellus
504 4031 599 4081 finitur
622 4030 649 4080 ἱιι
673 4043 707 4081 132
730 4065 738 4079 .
758 4064 765 4079 .
789 4041 806 4078 A
829 4028 882 4078 Add
907 4021 1049 4086 Πιλάτου,
1078 4021 1196 4077 θελήσει
1222 4026 1263 4078 καί

64 4109 180 4176 εῦόοκίᾳ
203 4108 259 4161 τοῦ
284 4107 377 4177 κυρίου
405 4110 492 4181 ιἰμῶμ
511 4108 615 4162 ’ίιισοῦ
638 4107 783 4178 Χριστοῦ,
812 4101 839 4174 ᾧ
865 4107 883 4160 ίι
906 4105 973 4177 ὀὸρο
997 4108 1050 4162 τοῦ
1074 4108 1198 4179 ωατρὸσ
1221 4109 1263 4161 καί

63 4193 119 4247 τοῦ
137 4192 201 4247 υῑοῦ
220 4192 335 4246 καὶτοῦ
354 4192 442 4260 ἁγίου
458 4189 641 4265 ωμεὺμοτοσ
661 4191 712 4263 ρῦμ
733 4193 774 4245 κοΙ
793 4192 838 4245 ἀεὶ
858 4199 899 4246 καί
918 4196 962 4246 εἰσ
979 4190 1055 4246 τοῦσ
1070 4196 1262 4266 οῐὼμαστῶμ

15 4340 21 4348 Ι
64 4281 200 4351 αῑώμωμ,
219 4274 310 4350 ἁμήμ.

559 4402 772 4410 ————---
