2962 4912
449 289 495 339 on
513 289 730 341 usrrvrra‘m
748 292 890 342 naama.
919 291 992 343 car.
1010 293 1041 342 x.
1285 293 1342 355 121

136 439 262 518 potuit
271 437 417 522 Ioseph:
436 460 513 503 nam
532 443 652 523 sponsi
663 463 756 508 more
768 442 915 508 liberius
932 443 975 507 ad
986 444 1156 526 virginem
1172 444 1345 507 introiens

141 547 178 605 et
203 541 413 608 familiarius
440 564 517 607 cum
544 564 584 608 ea
614 544 762 627 loquens
795 546 970 629 gravidam
1000 567 1076 611 esse
1103 544 1345 628 deprehendit.

142 640 319 711 Aestuare
345 647 464 729 itaque
491 648 605 711 animo
637 655 672 712 et
696 648 865 714 fluctuare
892 652 1022 732 coepit,
1054 649 1137 732 quia
1161 647 1347 732 ignorabat

147 749 232 831 quid
249 749 315 815 sibi
332 750 552 832 potissimum
575 756 668 815 esset
690 751 903 817 faciendum:
927 773 1040 835 neque
1068 752 1160 815 enim
1184 772 1258 816 eam
1280 758 1347 815 tra·

151 851 274 918 ducere
285 851 404 933 voluit,
423 855 505 935 quia
522 855 635 918 iustus
653 861 743 935 erat,
761 876 874 938 neque
888 855 1133 920 fornicationis
1145 855 1346 936 suspicione

153 956 329 1037 infamare,
352 957 434 1039 quia
450 957 539 1039 pius
577 956 703 1039 Itaque
723 958 900 1041 cogitabat
917 958 1004 1022 clam
1021 957 1210 1022 dissolvere
1230 958 1348 1023 coniu-

159 1062 241 1145 gium
262 1064 296 1123 et
317 1060 454 1124 occulte
478 1060 652 1126 dimittere
675 1082 761 1126 eam.
808 1060 935 1125 ’Haec
956 1066 1071 1125 autem
1095 1082 1135 1126 eo
1159 1061 1346 1144 cogitante,

162 1183 230 1229 ecoe
253 1161 398 1244 angelus
425 1162 556 1227 domini
583 1168 614 1228 ei
640 1164 804 1247 apparuit
828 1163 1016 1229 insomnis
1040 1165 1174 1228 dicens:
1206 1163 1346 1246 Ioseph,

163 1268 204 1333 fili
218 1264 338 1345 David,
361 1265 432 1330 noli
449 1265 585 1330 timere:
603 1265 669 1331 hoc
681 1270 743 1346 est,
761 1287 803 1330 ne
815 1266 901 1330 velis
918 1266 1162 1331 fornicationis
1180 1268 1348 1348 suspicio·

166 1391 228 1437 nem
248 1370 283 1432 in
304 1368 438 1451 virgine
459 1368 587 1433 habere
604 1370 659 1434 vel
680 1369 816 1452 aliquid
838 1370 1020 1434 sinistrum
1041 1372 1210 1453 cogitare,
1233 1390 1348 1452 neque

167 1478 269 1542 timeas
286 1492 361 1536 eam
382 1472 418 1536 in
436 1493 577 1536 uxorem
596 1473 737 1537 ducere:
761 1471 854 1554 quod
878 1472 969 1537 enim
990 1473 1027 1536 in
1050 1493 1091 1536 ea
1107 1478 1225 1537 natum
1243 1477 1350 1537 estet

168 1597 241 1645 nnnc
255 1575 408 1639 animum
424 1582 522 1640 tuum
540 1577 647 1659 angit,
665 1597 735 1641 non
752 1576 903 1641 hominis
921 1576 983 1641 sed
1003 1576 1147 1658 spiritus
1165 1576 1277 1640 sancti
1296 1581 1350 1640 est

169 1702 245 1766 opus.
280 1678 404 1743 Pariet
426 1680 519 1744 eninr
543 1680 695 1744 omnium
710 1681 807 1761 virgo
831 1680 906 1745 sola
922 1679 979 1744 dei
1000 1679 1125 1760 filium,
1150 1683 1185 1743 et
1206 1677 1348 1743 vocabis

169 1782 365 1852 nomenoius
383 1782 510 1865 Iesum,
527 1783 563 1847 id
581 1790 635 1848 est
650 1783 869 1847 salvatorem:
890 1783 965 1865 ipse
984 1783 1075 1847 enim
1093 1782 1224 1847 salvum
1240 1781 1350 1846 faciet

169 1885 312 1974 populum
336 1906 436 1950 suum
458 1886 648 1969 apeccatis
671 1907 800 1950 eorum.
847 1887 859 1920 ⁸
876 1884 991 1969 Igitur
1006 1885 1137 1969 Ioseph
1155 1884 1347 1950 secundum

170 1988 262 2072 angeli
278 1996 505 2071 praeceptum
521 1990 689 2072 virginem
706 2010 848 2053 uxorem
865 1988 980 2071 duxit,
1003 2010 1069 2054 nec
1085 1994 1201 2054 tamen
1223 2008 1349 2071 cogno·

170 2095 205 2158 sit
219 2112 287 2157 eam
304 2090 367 2156 sed
385 2098 479 2157 caste
496 2113 687 2174 procurans
705 2092 903 2156 custodivit.
938 2091 1083 2175 Iamque
1100 2113 1215 2158 nonus
1232 2112 1254 2157 a
1269 2111 1349 2156 con·

171 2197 307 2279 ceptione
331 2194 488 2259 instabat
502 2196 648 2276 mensis,
671 2215 747 2259 cum
764 2194 910 2277 loseph,
932 2215 1040 2259 uxore
1058 2216 1134 2259 cum
1160 2195 1239 2260 aliis
1258 2172 1347 2278 quae

172 2297 347 2364 necessaria
364 2304 465 2362 erant
480 2303 667 2381 assumpta,
684 2296 868 2362 Bethleem
880 2297 1054 2362 civitatem
1071 2298 1163 2362 unde
1180 2299 1256 2381 ipse
1274 2303 1350 2362 erat

171 2400 306 2468 tetendit.
331 2400 478 2466 Factum
496 2406 692 2481 astantem,
711 2422 786 2465 cum
804 2407 922 2466 essent
937 2400 998 2482 ibi,
1015 2401 1151 2484 impleti
1170 2408 1252 2466 sunt
1268 2401 1344 2466 dies

173 2512 200 2571 nt
211 2510 356 2588 pareret,
379 2510 414 2568 et
429 2505 568 2587 peperit
587 2504 696 2569 filium
714 2526 813 2569 suum
829 2505 1116 2588 primogenitum,
1140 2505 1233 2569 sicut
1249 2525 1349 2568 evan·

173 2608 292 2693 gelistae
319 2607 530 2687 docuerunt,
556 2607 733 2672 dominum
756 2613 913 2672 nostrum
934 2607 1051 2673 Iesum
1069 2606 1261 2687 Christum,
1287 2606 1347 2690 qui

173 2716 343 2792 compatre
366 2713 401 2774 et
417 2710 542 2793 spiritu
567 2718 687 2775 sancto
704 2710 787 2774 vivit
808 2717 843 2775 et
865 2717 989 2793 regnat
1008 2731 1071 2793 per
1090 2711 1206 2775 omnia
1228 2709 1349 2774 secula

174 2813 354 2879 seculorum.

226 3026 246 3072 2.
263 3021 300 3072 cf.
312 3023 356 3071 Ps.
368 3022 469 3072 Matth.
483 3021 528 3070 xl.
544 3019 547 3086 Ι
563 3022 637 3070 Haec
649 3027 745 3071 aulem:
763 3022 822 3072 Par.
836 3037 886 3071 om.
904 3026 1000 3081 aulem,
1018 3023 1084 3070 item
1099 3023 1122 3070 ei
1135 3019 1139 3087 Ι
1154 3039 1184 3070 ne
1196 3021 1272 3070 vela.-
1290 3021 1351 3069 Par.

172 3124 209 3158 son
219 3108 271 3156 velie
283 3107 286 3172 Ι
300 3109 327 3156 in
339 3108 451 3171 virgine:
470 3107 529 3156 Par.
543 3108 569 3154 in
581 3108 703 3170 virginem

225 3196 244 3242 3.
260 3193 330 3243 Haec
344 3193 377 3242 sd
396 3194 662 3257 „evangelistarum
679 3193 861 3242 narrationem
875 3194 1043 3243 conformato
1056 3208 1129 3250 esse,
1148 3192 1229 3242 facile
1243 3197 1328 3255 petet.
1343 3189 1348 3257 Ι

172 3276 228 3328 Pon*
239 3279 357 3327 sinautem
374 3279 428 3342 ipse
441 3279 548 3327 tetendit
560 3279 625 3326 unde
637 3282 696 3326 erat
709 3276 712 3342 Ι
728 3282 824 3326 autem.-
843 3278 902 3327 Por·
916 3294 981 3336 om,
999 3279 1064 3328 item
1077 3294 1128 3328 om.
1141 3294 1211 3328 mm
1226 3278 1229 3341 Ι
1244 3293 1348 3340 eonspe-

174 3361 232 3412 lisca
242 3368 268 3413 ut
278 3363 333 3413 Par·
345 3363 412 3413 Edd.
425 3364 509 3412 sancti
521 3362 692 3427 evangelistae
704 3359 708 3428 Ι
722 3367 814 3425 patre.-
827 3365 866 3412 sic
875 3363 934 3412 Par.
946 3363 1012 3412 add.
1023 3363 1085 3413 add.
1097 3369 1122 3413 et
1127 3364 1189 3429 filio
1204 3360 1207 3428 Ι
1221 3367 1247 3412 et
1258 3368 1352 3426 regnat

172 3452 198 3497 nt
207 3447 254 3498 Par.
266 3449 327 3497 Edd.
341 3449 402 3499 add.
415 3450 477 3498 deus
491 3446 494 3514 Ι
509 3449 595 3497 aerulo
607 3449 764 3498 seculorum.-
778 3448 836 3499 Par.
849 3448 911 3498 add.
924 3465 1003 3498 omen.
