2962 4912
147 305 209 368 388
584 304 694 357 onena
712 306 839 358 mmm.
863 306 933 358 rvr.

145 457 421 524 resurrectionem
449 455 626 523 multorum
652 459 688 523 in
710 457 830 538 Israel,
862 464 895 522 et
922 457 956 521 in
985 458 1115 542 signum
1144 456 1197 523 cui
1220 466 1342 527 contra·

147 560 284 626 dicetur.

232 663 326 729 Tunc
353 662 538 727 didascalus
561 660 667 727 Didas
697 662 780 726 dixit
812 662 853 727 ad
885 682 1014 727 omnem
1046 663 1344 746 congregationem:

146 764 184 831 Si
207 765 316 829 omnia
338 784 423 846 quac
451 762 508 826 isti
535 762 708 827 testificati
735 769 812 828 sunt
839 763 874 827 in
897 762 975 828 Iesu
1004 763 1213 842 factasunt,
1241 786 1262 829 a
1288 763 1346 831 deo

146 874 237 948 sunt,
269 873 302 931 et
329 887 371 930 nc
398 864 457 930 fiat
483 865 633 930 mirabile
660 866 695 929 in
724 865 828 932 oculis
856 866 989 930 nostris.
1033 866 1202 931 Dixerunt
1231 866 1274 931 ad
1300 867 1345 932 in·

145 972 248 1036 vicem
279 969 445 1052 principes
477 989 661 1052 synagogae
690 977 723 1034 et
752 969 937 1036 sacerdotes
965 977 999 1035 et
1026 968 1166 1035 Levitae
1193 971 1346 1053 quoniam

143 1074 195 1139 lex
217 1079 331 1138 nostra
353 1072 501 1137 continet
523 1072 649 1137 dicens:
673 1073 750 1138 Erit
772 1094 890 1138 nomen
913 1075 984 1138 eius
1008 1072 1228 1145 benedictum,
1243 1074 1277 1138 in
1300 1094 1346 1140 se-

144 1174 234 1241 cula:
266 1181 343 1240 ante
375 1175 477 1239 solem
507 1181 678 1256 permanet
709 1174 800 1239 locus
831 1175 903 1240 eius
934 1181 968 1239 et
999 1182 1076 1240 ante
1107 1175 1222 1240 lunam
1255 1173 1348 1239 sedes

144 1280 231 1346 eius:
265 1287 299 1344 et
330 1279 566 1344 benedicentur
596 1279 630 1343 in
662 1299 700 1343 eo
732 1299 844 1345 omnes
877 1278 984 1344 tribus
1016 1287 1139 1359 terrae,
1171 1286 1207 1344 et
1236 1299 1347 1344 omnes

143 1390 258 1467 gentes
290 1383 433 1448 servient
465 1382 512 1446 ei:
545 1389 578 1447 ct
609 1403 703 1465 reges
732 1382 772 1447 de
803 1382 983 1466 longinquo
1006 1383 1139 1448 uenient
1170 1381 1349 1448 adorantes

144 1491 178 1549 et
199 1482 449 1566 magnificantes
473 1505 556 1548 eum.

142 1712 262 1795 crgcc'jt),
286 1712 313 1760 in
331 1712 400 1775 ligno
419 1708 491 1771 (edpr
509 1708 564 1771 om)
583 1713 739 1760 montescot
756 1710 937 1773 cepnltnsett,
956 1713 981 1760 et
999 1725 1092 1775 corpnn
1108 1712 1163 1760 cicc
1176 1714 1260 1775 potor
1277 1726 1381 1767 cenes

142 1798 235 1848 rutilis
251 1797 343 1861 Iornph
363 1797 479 1860 repolivit
499 1795 542 1858 (1³⁰
554 1801 660 1861 negent
680 1813 697 1845 a
715 1799 821 1860 Ioncplco
838 1797 979 1847 vonerabili
993 1798 1083 1862 patre)
1101 1799 1129 1847 in
1146 1797 1267 1862 sepulcro
1285 1814 1379 1863 nort,

142 1884 216 1949 (edpr
234 1901 276 1934 om
294 1889 344 1943 ent,
368 1889 393 1935 nt
411 1899 494 1948 usqne
512 1886 602 1946 nouo),
626 1889 651 1934 et
669 1886 821 1950 testificatus
838 1888 875 1934 ent
894 1883 937 1947 (ι)ο
955 1884 1008 1935 add
1026 1884 1119 1934 nobilis
1137 1886 1241 1949 Ioseph.
1281 1885 1374 1934 8de

142 1971 167 2018 et
184 1969 301 2020 onerat.
316 1973 367 2019 Ion.
387 1967 507 2031 tentatur)
526 1984 579 2017 enm
596 1968 689 2017 cidisse
707 1969 788 2018 nicom
807 1966 850 2030 (1³⁰
863 1968 916 2019 add
931 1973 992 2033 post
1009 1969 1132 2031 mortem).
1168 1969 1208 2018 Et
1227 1973 1282 2019 tren
1298 1969 1369 2036 oio-3·

141 2056 185 2104 illi
202 2057 335 2121 tertnflccti
351 2058 410 2105 nont
427 2055 520 2105 uidisse
537 2071 592 2104 eom
610 2054 790 2119 colloquentem
804 2045 848 2118 (1)b
861 2055 915 2119 om)
928 2071 982 2104 corn
999 2055 1208 2120 disciplinetur
1226 2056 1254 2105 in
1267 2068 1354 2119 mone,

141 2142 229 2193 oliveti
246 2145 272 2191 et
290 2130 336 2204 (1)b
347 2140 402 2204 om)
421 2141 593 2190 anomdwtcm
610 2141 637 2189 tn
656 2140 752 2191 coelura
769 2138 843 2202 (adpr
861 2141 981 2192 breuiter
999 2141 1037 2191 Et
1055 2146 1090 2190 tr.
1110 2142 1161 2191 ciri
1180 2142 1272 2191 aaran
1288 2157 1348 2205 uu

140 2243 167 2275 ne
184 2227 236 2276 oid.
249 2241 303 2276 com
321 2224 516 2287 mandatam).
534 2223 538 2286 Ι
553 2226 592 2274 Et
609 2224 673 2274 Levi
689 2225 764 2274 cotti
781 2251 791 2261 ·
810 2226 925 2276 Simone
942 2227 1053 2276 nantem
1071 2228 1111 2276 ita
1128 2237 1160 2286 m
1181 2226 1275 2290 pauci·
1293 2227 1339 2283 dn.

142 2312 233 2360 terunt
251 2323 292 2363 nc.
328 2309 437 2373 Reliqui
456 2324 518 2359 vero
537 2316 600 2373 pont
623 2310 795 2360 accendentur
812 2312 839 2360 tn
857 2311 952 2360 coelom
976 2308 1045 2360 nihil
1064 2310 1179 2361 addunt.
1202 2308 1207 2373 Ι
1229 2312 1333 2376 quona-

139 2423 148 2434 ·
169 2399 359 2448 contradicetur
377 2412 436 2447 cum
455 2410 485 2456 c;
510 2408 545 2448 ΑΒ
564 2410 605 2444 om

229 2483 297 2532 fitne
320 2480 347 2544 (c
371 2480 423 2531 add
447 2479 560 2545 quiden)
584 2481 637 2529 did.
656 2482 742 2530 Didas
765 2480 810 2541 (Ac
834 2495 931 2531 nomen
955 2479 1010 2543 om)
1036 2509 1049 2519 ·
1073 2480 1290 2545 congregationem
1307 2484 1328 2545 (c

138 2566 326 2617 multitudinem
344 2564 477 2627 Iudaeor.)
501 2564 531 2614 Si
553 2565 636 2614 omnio
655 2580 719 2629 qnae
736 2590 746 2599 ·
764 2565 792 2614 in
809 2567 868 2615 Im
891 2565 921 2627 (a
939 2566 966 2614 in
983 2565 1139 2622 Iernnalcmr
1160 2576 1179 2614 Β
1198 2579 1240 2613 om
1258 2565 1283 2612 n'n
1296 2567 1325 2619 le.

130 2652 177 2716 sc.
196 2651 266 2715 nunt)
279 2654 361 2716 facto
378 2655 444 2711 cant,
463 2652 627 2709 edoceant,
646 2654 671 2700 et
689 2668 719 2701 nc
737 2652 814 2714 (hacc
834 2653 873 2703 lta
892 2665 921 2713 e;
940 2664 975 2704 nn
994 2654 1081 2703 minuo
1099 2650 1188 2714 recte)
1199 2651 1255 2718 flct
1270 2676 1279 2687 ·
1293 2670 1324 2705 nc

138 2737 208 2787 strio.
244 2737 337 2787 Dicor,
358 2737 392 2786 ad
415 2737 520 2786 invicem
544 2734 572 2798 (Β
590 2736 643 2798 om)
661 2761 672 2772 ·
690 2737 806 2801 quoniam
825 2736 854 2800 (n
873 2735 926 2798 om)
949 2762 959 2772 ·
983 2737 1094 2787 continet
1110 2737 1200 2786 diem
1221 2734 1249 2799 (n
1265 2736 1324 2801 dicit)

139 2826 203 2875 Erit
215 2825 242 2887 (c
255 2841 302 2890 pro
317 2826 448 2876 Dicor-unt
460 2831 503 2876 etc
517 2825 569 2874 nic:
590 2824 719 2887 Scriptum
737 2830 776 2875 ent
787 2826 852 2874 enim
863 2826 891 2875 in
904 2825 958 2890 lego
968 2829 1058 2874 noetra
1069 2821 1107 2874 Et
1118 2822 1182 2884 erit)
1196 2853 1205 2864 ·
1219 2824 1321 2875 benedict.

139 2911 167 2973 (c
180 2909 233 2973 om)
252 2910 279 2959 in
297 2910 383 2961 recula
402 2909 490 2973 (ln-lo)
510 2913 668 2974 -permonet
686 2910 816 2973 (lt-nebit)
835 2909 905 2959 loona
922 2909 970 2971 (Bc
987 2907 1087 2971 nomen)
1106 2910 1161 2959 einr
1178 2938 1188 2948 -
1206 2908 1322 2973 ottoonl

138 3009 203 3044 omn.
221 2998 291 3058 gont.
311 2995 418 3044 ceraei
443 2996 472 3056 (n
491 3009 533 3045 om
556 3009 622 3045 cern.
643 2995 675 3045 ei.
714 3007 788 3045 com
813 2997 838 3044 et
856 3009 920 3043 omn.
938 3009 965 3057 g.
983 3009 1003 3044 n.
1021 2993 1071 3056 ccl:
1095 2997 1120 3043 ct
1144 2992 1175 3056 (Β
1193 2991 1245 3056 om)
1266 3009 1321 3057 regn

139 3079 185 3142 (AB
204 3079 259 3144 om)
279 3111 288 3121 ·
306 3082 445 3131 odorantes
463 3079 492 3143 (n
509 3081 564 3145 om)
583 3085 609 3129 nt
625 3081 818 3147 magnificarem
836 3079 865 3142 (Β
883 3079 998 3142 cadant)
1016 3095 1078 3129 eom.
