2962 4912
137 306 177 368 52
334 306 665 357 resono-urrinnai
681 304 920 355 avironnrun.
939 304 1140 355 nrrsrnmn.

138 457 316 522 Christum
342 461 545 539 expetentes
569 477 779 540 quaesumus
804 463 844 520 ut
869 478 946 520 eum
974 477 1014 520 ex
1039 455 1191 519 hebraeo
1216 453 1341 518 latinis

137 561 281 627 auribus
298 559 432 637 tradas,
460 566 615 624 nontam
633 560 677 624 ad
693 559 921 644 percipienda
942 578 1087 641 eaquae
1106 563 1187 621 sunt
1205 554 1341 622 Christi

137 664 292 746 insignia
307 684 409 746 quam
426 662 469 727 ad
486 663 742 728 haereticorum
758 663 921 728 astutiam
940 660 1204 739 excludendam;
1223 659 1343 742 quint

138 766 332 830 doctrinam
357 763 482 828 malam
506 765 748 845 instituerent,
777 764 890 829 bonae
918 762 1048 828 Christi
1075 763 1250 827 nativitati
1277 782 1342 825 sua

137 867 320 932 mendacia
335 867 566 947 miscuerunt,
588 873 627 930 ut
648 886 710 948 per
726 866 947 930 dulcedinem
962 866 1052 930 vitae
1075 866 1195 930 mortis
1217 865 1343 930 amari·

137 969 295 1034 tudinem
321 969 549 1034 occultarent.
594 968 674 1033 Erit
699 988 780 1053 ergo
805 969 1013 1051 purissimae
1040 969 1196 1033 caritatis
1222 975 1262 1033 ιιι
1286 965 1342 1031 vel

138 1079 302 1155 rogantes
323 1071 450 1136 fratres
466 1077 547 1136 tuos
570 1070 751 1150 exaudias,
772 1071 826 1135 vel
849 1071 1032 1153 episcopos
1056 1071 1235 1153 exigentes
1254 1069 1342 1134 cari·

138 1175 220 1239 tatis
238 1173 394 1238 debitum
413 1173 505 1256 quod
527 1173 691 1238 idoneum
709 1172 899 1237 credideris
918 1174 1074 1255 recipere
1097 1172 1217 1237 iacias.
1250 1171 1340 1239 Vale

139 1279 175 1341 in
192 1278 332 1342 domino
350 1283 386 1341 et
402 1298 464 1341 ora
479 1298 541 1359 pro
560 1275 671 1341 nobis.

719 1487 757 1556 B.

223 1634 385 1700 Dominis
403 1634 533 1699 sanctis
550 1655 589 1699 ao
606 1634 818 1699 beatissimis
837 1632 1013 1699 Oromatio
1031 1640 1066 1697 et
1081 1633 1251 1698 Eliotloro
1270 1634 1342 1716 epi·

138 1739 254 1821 scopis
271 1737 468 1803 Ieronimus
486 1737 632 1820 exiguus
650 1735 780 1802 Christi
799 1757 917 1801 servus
933 1737 970 1801 in
987 1735 1127 1800 domino
1144 1737 1306 1801 salutem.

225 1838 293 1923 Qui
308 1846 436 1904 terram
452 1840 528 1904 auri
540 1840 715 1904 consciam
730 1838 830 1918 fodit,
848 1860 917 1903 non
934 1839 1017 1905 ilico
1034 1839 1159 1921 arripit
1170 1836 1342 1922 quicquid

138 1943 234 2007 fossa
253 1941 452 2025 profuderit
472 1941 639 2021 lacerata3
663 1941 725 2007 sed
746 1943 948 2025 priusquam
973 1942 1178 2024 fulgendum
1200 1941 1341 2025 pondua

137 2045 306 2109 vibrantis
323 2045 436 2109 iactus
452 2044 536 2109 ferri
555 2043 756 2127 suspendat,
774 2045 913 2109 interim
924 2043 1100 2109 vertendis
1118 2044 1345 2128 supiuaudis·

139 2168 205 2229 que
233 2147 424 2230 cespitibus
449 2147 667 2227 immoratur,
695 2151 729 2211 et
754 2167 814 2229 spe
841 2146 948 2210 alitur
973 2148 1032 2228 qui
1056 2147 1209 2212 nondum
1231 2147 1343 2211 lucris

137 2256 296 2333 augetur.
342 2247 503 2314 Arduum
525 2271 612 2332 opus
636 2249 846 2332 iniungitur,
870 2271 946 2313 cum
969 2248 1034 2314 hoc
1056 2249 1165 2315 fuerit
1185 2272 1205 2314 a
1225 2255 1345 2315 vestra

137 2352 222 2416 mihi
239 2351 458 2417 beatitudine
477 2352 684 2434 imperatum
701 2352 794 2434 quod
811 2373 875 2417 nec
892 2353 966 2435 ipse
984 2360 1125 2418 sanctus
1135 2352 1343 2419 Matthaeus

137 2455 317 2538 apostolus
340 2461 375 2519 et
396 2455 610 2538 evangelista
629 2455 740 2520 voluit
761 2456 797 2518 in
819 2461 939 2538 aperto
962 2456 1146 2522 conscribi.
1184 2453 1222 2521 Si
1245 2457 1343 2521 enim

138 2559 310 2623 secretius
332 2578 401 2621 non
424 2563 531 2638 esset,
557 2556 736 2640 evangelio
760 2558 881 2640 utique
904 2558 970 2640 ipsi
995 2559 1087 2641 quod
1111 2558 1222 2623 edidit
1242 2558 1345 2623 addi·

138 2660 259 2729 disset.
295 2658 365 2726 Sed
382 2660 467 2725 fecit
482 2660 575 2724 hunc
591 2659 751 2725 libellum
767 2660 941 2726 hebraicis
958 2661 1087 2727 litteris
1105 2663 1342 2745 obsignatum,

139 2784 240 2846 quem
262 2783 372 2845 usque
395 2761 482 2827 adeo
499 2783 569 2826 non
587 2762 699 2826 edidit
721 2769 759 2826 ut
775 2762 878 2828 bodie
895 2784 998 2828 marin
1022 2765 1132 2847 ipsius
1149 2765 1241 2830 liber
1257 2766 1345 2831 scri·

138 2872 218 2949 ptus
235 2864 410 2929 hebraicis
427 2864 555 2929 litteris
571 2865 683 2930 aviris
694 2866 968 2948 religiosissimis
985 2865 1164 2948 habeatur,
1183 2868 1243 2951 qui
1262 2889 1343 2935 eum

140 3077 274 3124 raritatem
288 3091 337 3139 per
352 3101 380 3109 -
395 3079 538 3138 expetentes
554 3079 582 3124 at
600 3075 667 3124 illud
683 3092 728 3134 ea,
748 3076 812 3125 item
825 3077 890 3140 vulg
903 3077 940 3125 Et
958 3077 1007 3126 ida,
1020 3081 1089 3125 lnam
1101 3079 1236 3126 raritatem
1245 3094 1297 3142 per
1311 3102 1341 3113 -

139 3161 290 3225 ceperimus,
310 3165 433 3224 qveatennr
449 3165 474 3209 et
489 3160 557 3208 iliad
573 3176 611 3210 ea.
639 3161 706 3210 Inde
720 3161 791 3224 quod
804 3177 951 3225 qaaernmas
969 3163 997 3210 in
1011 3162 1088 3212 codd.
1107 3169 1138 3212 ut
1151 3176 1167 3212 a
1180 3172 1208 3212 et
1221 3150 1344 3227 Mon‘g}

140 3248 269 3310 scriptum
289 3256 331 3294 est
350 3262 398 3294 ncc
417 3246 483 3294 satis
502 3246 685 3303 intellectum,
706 3256 764 3295 orta
782 3254 824 3296 est
840 3248 967 3296 lectionis
980 3248 1096 3297 varietas
1117 3246 1120 3314 Ι
1140 3250 1206 3313 vulg
1222 3264 1274 3298 nan
1286 3254 1343 3299 tan·

139 3338 190 3381 tum
208 3332 242 3379 ad
255 3332 446 3395 percipiendum
459 3347 523 3394 qaae
535 3356 544 3367 ·
558 3336 678 3395 qnantum
695 3334 729 3381 ad
747 3334 842 3382 haeret.
860 3337 938 3382 artat.
957 3333 1056 3382 errlad.
1076 3333 1081 3397 Ι
1102 3335 1231 3384 neaolad.
1251 3340 1340 3393 artat,

139 3419 203 3467 item
217 3417 285 3464 miae.
300 3417 438 3473 triendaria,
452 3418 519 3464 ritae
527 3417 636 3474 dulaed„
649 3418 757 3467 debiturn
768 3420 843 3468 earit.
859 3420 862 3484 Ι
877 3420 941 3483 vulg
952 3420 1037 3468 bonam
1050 3420 1107 3469 Clr.
1121 3422 1284 3470 nativitatem
1295 3436 1341 3471 nno

138 3503 268 3552 mandacio
279 3503 433 3550 minwernnt
448 3501 450 3565 Ι
463 3517 511 3565 par
525 3502 619 3561 (etiam
635 3502 755 3563 anona
771 3505 835 3567 vulg
844 3509 903 3568 port
919 3504 922 3568 Ι
937 3506 1070 3554 raritatir:
1083 3508 1123 3555 ita
1134 3519 1170 3555 nn
1183 3505 1263 3565 Mon,
1277 3508 1341 3573 vulg

138 3588 244 3651 pietatis
258 3586 262 3651 Ι
276 3591 304 3634 at
316 3586 371 3634 nel:
384 3587 448 3651 vulg
461 3587 500 3634 uel
512 3591 539 3635 at
552 3583 555 3651 Ι
572 3588 636 3636 Mon
649 3592 677 3635 ut
689 3592 786 3638 nestros
798 3594 898 3652 rogant.
905 3591 990 3654 fratr.
1004 3591 1135 3646 exaudiar,
1149 3592 1215 3656 vulg
1227 3591 1297 3654 (non
1311 3589 1337 3654 r)

140 3691 181 3722 orn
195 3668 267 3736 taor}
283 3685 300 3720 ιι
312 3673 382 3720 Bene
394 3671 453 3719 vale
467 3676 470 3736 Ι
484 3672 511 3719 in
524 3672 638 3721 cloarino:
651 3686 668 3720 a
682 3674 707 3720 in
721 3673 821 3724 Olrirto

208 3759 239 3805 ll.
259 3771 275 3805 n
293 3757 498 3820 inscriptionem
518 3757 615 3806 habet:
637 3759 776 3834 Responsio
795 3760 919 3823 epistolae
933 3776 982 3824 per
1000 3762 1151 3810 Ieronimnm
1168 3764 1304 3826 adipson,
1323 3775 1339 3812 ι

138 3840 262 3905 Epistola
275 3840 419 3890 Hieronimn'
436 3841 470 3889 ad
483 3856 545 3905 qnos
555 3858 648 3906 repra,
667 3844 732 3907 vulg
745 3843 912 3909 Hieronymus
926 3846 1069 3896 circinatio
1087 3851 1113 3896 et
1124 3847 1268 3899 Heliodoro
1286 3850 1338 3913 epi·

138 3927 230 3992 anapia.
254 3927 300 3975 Nil
313 3926 441 3975 elunmodi
456 3927 528 3976 bion.

208 4028 252 4061 aa:
271 4012 334 4075 vulg
352 4016 377 4060 nt
396 4010 400 4076 Ι
420 4013 483 4076 vulg
502 4012 646 4062 chromatio
664 4018 689 4063 et
705 4014 862 4075 Heliodoro,
880 4018 944 4066 item
964 4017 1132 4083 Hieronymus
1151 4022 1154 4083 Ι
1167 4019 1340 4084 fulgendum.-

140 4098 180 4147 ιιι
191 4110 209 4145 ιι
218 4098 292 4153 Mon,
305 4097 370 4159 vulg
375 4096 491 4161 salpen,
504 4110 521 4146 Δ
527 4097 661 4163 fulgidum
674 4095 679 4164 Ι
693 4101 906 4167 rapinandiapae:
924 4103 963 4153 ita
974 4117 1009 4152 an
1019 4104 1096 4162 Μοιις
1111 4106 1175 4170 vulg
1186 4106 1339 4171 suspenden-

139 4184 227 4247 dinque
239 4186 243 4235 Ι
259 4197 303 4246 ape
315 4181 412 4230 alitur:
428 4184 468 4231 ita
480 4185 629 4233 rectissime
642 4198 672 4242 n,
691 4187 790 4249 reliqui
804 4200 832 4236 et
845 4189 909 4252 vulg
920 4189 1068 4252 specialiter
1082 4186 1086 4252 Ι
1101 4204 1118 4238 a
1132 4208 1148 4238 a
1159 4195 1237 4240 nertr.
1251 4193 1340 4242 leatit.

138 4269 208 4326 mili,
226 4269 291 4331 vulg
304 4266 364 4315 nvilni
381 4282 398 4314 a
416 4271 492 4317 vestr.
507 4268 594 4318 bentii.
607 4272 612 4332 Ι
627 4284 645 4318 ιι
655 4271 733 4319 atriti
747 4272 750 4336 Ι
766 4286 782 4320 Δ
797 4273 827 4320 Si
844 4274 1023 4323 laceramine
1040 4290 1090 4324 nan
1106 4276 1210 4339 egisset,
1230 4279 1297 4343 vulg
1311 4278 1342 4327 Si

139 4356 205 4404 enirn
221 4356 267 4404 loa
278 4357 401 4403 amatura
418 4370 466 4403 non
484 4351 565 4422 naneti
580 4356 681 4420 ntique:
698 4348 824 4423 n'qnaqna
838 4358 841 4424 Ι
857 4361 906 4424 ipsi
918 4364 950 4410 ut
960 4374 990 4418 r,
1007 4361 1073 4409 Mon
1086 4362 1152 4425 ipre,
1170 4364 1236 4428 vulg
1247 4364 1341 4429 ipsine,

138 4455 157 4492 A
170 4457 215 4491 rao
229 4443 233 4499 Ι
245 4455 323 4506 aequ
335 4440 399 4489 adro
410 4456 473 4489 non:
485 4441 525 4491 lta
538 4455 554 4490 ι
565 4442 644 4504 Hom
656 4443 750 4509 vulga
762 4459 804 4495 om
815 4441 881 4511 nonl
896 4447 984 4497 lodie:
996 4443 1114 4513 vulget!
1129 4450 1255 4513 gainam
1273 4454 1343 4518 vulg
