2962 4912
239 1050 503 1126 HISTORIA
531 1052 749 1126 IOSEPHI
781 1050 949 1128 FABRI
984 1053 1254 1129 LIGNARII.

214 1292 253 1342 IN
278 1292 419 1342 NOMINE
444 1292 504 1343 nul
529 1290 637 1343 umus
664 1292 702 1341 IN
726 1291 795 1342 ΒΗΑ
818 1289 989 1343 ESSEN'I'IA
1012 1293 1056 1342 ΕΤ
1079 1293 1179 1344 TRINI
1204 1294 1243 1343 IN
1268 1289 1352 1343 sols

318 1377 335 1426 S
389 1375 431 1427 IS.

213 1378 386 1516 ΗΙξξὲΒῖῗ
394 1463 527 1514 ΜΟΒΤΙΒ
541 1463 665 1513 PATRIS
678 1461 808 1513 NOSTRI
823 1461 949 1513 SANCTI
969 1462 1070 1513 sauls
1084 1463 1229 1515 IOSEPHI
1241 1464 1353 1514 FABRI

248 1550 419 1602 LIGNABII.

212 1750 419 1808 Benedictiones
438 1754 496 1809 eius
513 1759 541 1809 st
558 1772 649 1827 preces
668 1759 774 1809 servent
792 1773 841 1809 nos
860 1773 966 1818 omncs,
991 1773 1007 1809 o
1026 1754 1139 1819 fratres,
1164 1773 1253 1809 amon.

212 1837 278 1892 ruit
296 1843 353 1893 tota
371 1838 458 1910 ipsius
473 1839 532 1894 vita
549 1843 658 1894 centum
676 1842 704 1893 ot
721 1838 848 1894 undecim
866 1857 1007 1903 annorum,
1027 1840 1196 1911 contigitque
1214 1840 1351 1910 migratio

144 1923 202 1978 eius
226 1940 257 1977 cx
275 1923 327 1978 hoc
345 1923 448 1979 mundo
465 1923 595 1981 viceaimo
612 1928 687 1979 sexto
706 1923 772 1991 (die)
790 1923 891 1979 mensis
908 1924 993 1987 Abib,
1018 1925 1065 1995 qui
1089 1925 1235 1996 respondet
1260 1924 1353 1980 mensi

143 2011 195 2065 Ab.
231 2008 325 2064 Oratio
346 2008 405 2064 eius
421 2014 510 2065 servet
526 2027 589 2073 nos,
613 2027 700 2065 amen.
736 2009 774 2064 Et
791 2009 901 2080 quidem
918 2009 1046 2065 dominus
1064 2014 1156 2066 noster
1172 2012 1251 2067 lesus
1269 2010 1351 2066 chri·

143 2092 204 2150 stus
227 2094 271 2150 ille
294 2095 351 2166 ipse
375 2095 452 2162 (fuit)
476 2095 524 2166 qui
546 2095 641 2152 retulit
664 2097 734 2150 hanc
757 2095 923 2164 (historiam)
948 2095 1086 2168 discipulis
1109 2098 1166 2152 suis
1190 2097 1294 2153 sanctis
1320 2096 1351 2152 in

143 2184 236 2237 monte
258 2179 364 2243 oliveti,
389 2184 472 2251 atque
494 2199 601 2236 omnem
624 2181 744 2237 laborem
768 2182 824 2237 cius
843 2181 973 2253 (Iosephi)
992 2187 1020 2236 et
1043 2182 1148 2238 dierum
1171 2183 1259 2255 ipsius
1285 2201 1349 2239 con·

143 2267 362 2322 summationem.
397 2266 521 2338 Apostoli
540 2270 632 2322 autem
651 2267 739 2322 sancti
757 2271 951 2323 conservarunt
968 2266 1041 2322 hunc
1058 2286 1209 2324 sermonem
1227 2272 1258 2325 et
1275 2268 1349 2324 litte·

142 2352 180 2407 ris
198 2353 390 2423 consignatum
408 2351 574 2423 reliquerunt
596 2352 624 2408 in
643 2353 807 2409 bibliotheca
825 2352 1031 2423 Hierosolymis.
1066 2353 1162 2409 Oratio
1180 2373 1276 2410 eorum
1295 2373 1348 2410 scr-

142 2443 187 2493 vet
204 2457 262 2501 nos,
284 2457 370 2493 amen.
380 2437 408 2506 ¹).

657 2608 778 2676 (innuo
800 2610 829 2675 Ι.

230 2761 388 2846 Contigit
410 2786 480 2830 una
502 2764 557 2830 die
575 2786 652 2829 cum
675 2766 826 2830 salvator
845 2766 1012 2848 magister
1028 2765 1114 2830 deus
1136 2772 1170 2831 et
1194 2765 1347 2831 salvator

143 2873 264 2932 noster
284 2866 386 2932 Iesus
410 2865 572 2933 Christus
595 2867 736 2933 sederet
758 2888 927 2933 unacum
949 2869 1021 2933 suis
1043 2868 1242 2951 discipulis,
1266 2889 1346 2934 con·

143 2971 348 3055 gregatique
370 2971 405 3035 in
422 2976 538 3036 monte
557 2971 676 3037 oliveti
693 2992 811 3037 omnes
829 2977 961 3053 essent,
985 2978 1023 3036 ut
1041 2971 1176 3038 diceret
1191 2971 1280 3036 illis:
1314 2970 1343 3037 O

142 3076 269 3140 fratres
286 3081 322 3141 et
337 3076 439 3141 amici
457 3075 535 3158 mei,
557 3074 621 3140 filii
636 3076 747 3158 patris
765 3075 899 3158 quivos
917 3074 1025 3158 elegit
1044 3074 1086 3140 de
1104 3075 1267 3140 omnibus
1287 3074 1346 3140 ho·

141 3178 305 3243 minibus.
343 3175 450 3244 Scitis
466 3199 520 3244 me
536 3178 634 3244 vobis
651 3177 791 3261 saepius
808 3177 972 3243 retulisse
991 3177 1084 3261 quod
1107 3183 1268 3261 oporteat
1290 3198 1345 3244 me

141 3280 298 3364 crucifigi
321 3287 356 3346 et
375 3282 463 3346 mori
479 3288 624 3364 propter
643 3280 792 3346 salutem
807 3277 936 3345 Adami
958 3286 994 3345 et
1014 3282 1234 3364 posteritatis
1257 3282 1344 3363 eius,

141 3390 177 3449 et
187 3384 281 3467 quod
293 3405 431 3467 surgam
443 3385 484 3449 de
496 3385 654 3449 mortuis.
680 3381 901 3449 Committam
913 3389 1028 3449 autem
1039 3384 1136 3451 vobis
1148 3384 1346 3450 doctrinam

141 3486 313 3571 evangelii
331 3487 442 3552 sancti
461 3486 640 3571 (vobisque
657 3490 772 3570 antea)
790 3487 953 3569 nuntiati,
970 3492 1010 3552 ut
1024 3488 1237 3570 praedicetis
1255 3487 1347 3553 illud

140 3610 361 3673 peromnem
382 3589 560 3655 mundum.
591 3590 639 3654 Et
660 3590 802 3654 induam
818 3611 877 3655 vos
893 3591 1020 3655 virtute
1044 3590 1086 3655 de
1110 3590 1197 3673 alto,
1222 3611 1262 3656 ao
1284 3591 1346 3655 im·

139 3692 244 3776 plebo
261 3714 320 3759 vos
339 3693 466 3776 spiritu
484 3697 615 3758 sancto.
639 3689 910 3758 Adnuntiabitis
926 3712 1006 3757 vero
1024 3695 1160 3760 cunctis
1178 3692 1347 3777 gentibus

139 3797 392 3880 paenitentiam
409 3804 445 3861 et
455 3796 697 3861 remissionem
707 3800 940 3879 peccatorum.
964 3795 1053 3862 Nam
1065 3797 1214 3881 scyphus
1231 3818 1347 3881 aquae

141 3938 354 3946 ——-——----

208 4004 236 4069 1)
256 4004 357 4070 Coptos
367 4007 420 4055 sic:
439 4006 491 4055 Dic
500 4005 604 4054 XXVI.
615 4005 698 4069 Epep.
718 4003 771 4053 Hic
779 4009 818 4054 est
826 4005 909 4054 exitus
918 4022 931 4055 s
941 4021 1048 4070 corpore
1053 4008 1142 4072 patrie
1150 4007 1233 4056 rostri
1242 4007 1351 4072 Iosspks‘

131 4093 210 4158 sutri
223 4092 331 4156 lipnaris'
344 4093 435 4156 patrie
447 4091 542 4141 Chrc'cts'
559 4091 694 4141 secundam
706 4107 816 4149 omem,
830 4092 873 4156 qui
884 4095 961 4141 satas
972 4097 1030 4142 erat
1043 4109 1165 4143 ancorum
1180 4093 1249 4141 011.
1277 4094 1349 4143 Nor·

139 4179 209 4227 ravit
223 4178 341 4228 calcator
356 4182 442 4227 nomes·
460 4194 553 4226 omnem
570 4178 649 4226 otiam
666 4177 721 4226 cias
732 4176 857 4241 apostolic
874 4177 901 4226 in
913 4183 995 4227 monta
1007 4178 1113 4237 oliveto,
1131 4179 1245 4244 apostoli
1261 4185 1350 4230 auum

138 4266 296 4330 seripserunt
312 4279 367 4312 eam
383 4268 408 4313 et
423 4263 566 4312 intulerant
578 4263 741 4312 bibliothecas
754 4278 817 4327 qaae
831 4263 1016 4329 Hierosolymis
1033 4268 1078 4313 eci.
1108 4265 1198 4315 Etiam
1210 4266 1279 4330 qaod
1293 4267 1351 4317 diss

139 4368 187 4416 qao
198 4354 302 4399 casotae
312 4365 388 4399 censs
399 4350 515 4414 deposuit
527 4364 619 4414 corpas
622 4349 683 4414 fait
693 4349 750 4398 XX
753 4348 798 4397 1⁷1.
812 4350 902 4399 mansis
913 4350 995 4414 Bpep.
1020 4349 1052 4398 Is
1060 4365 1127 4414 pace
1139 4351 1189 4408 dci,
1202 4368 1285 4401 omes.
