2962 4912
323 314 654 364 pssum-marsnam
668 315 908 366 svaudunum.
926 314 1129 366 selendum
1287 315 1328 377 53

136 465 236 531 esuis
252 464 427 546 prioribus
445 484 508 545 per
524 484 706 527 successus
724 471 917 546 temporum
936 470 1177 546 susceperunt.
1222 464 1327 529 Hunc

139 576 243 634 autem
256 568 368 648 ipsum
380 566 507 630 librum
521 587 597 630 cum
609 587 796 647 numquam
814 566 920 630 alicui
931 566 1212 631 transferendum
1223 568 1329 632 tradi-

141 673 263 751 derunt,
276 675 495 733 textumvero
508 669 582 732 eius
594 669 698 732 aliter
707 667 879 751 aliterque
890 669 1124 749 tradiderunt,
1136 669 1186 733 sic
1197 668 1329 734 factum

143 769 1329 856 estutaManichaeidiscipulonomineLeucio,quietiamaposto·

144 881 257 943 lorum
278 882 397 956 gesta
413 874 502 938 salso
520 894 678 937 sermone
697 874 922 956 conscripsit,
945 873 1002 939 hic
1019 873 1110 939 liber
1125 873 1241 940 editus
1258 896 1327 940 non

144 976 1328 1060 aedificationiseddestruetionimateriamexhibuerie‚etquodtalis

146 1082 335 1169 probaretur
348 1080 385 1143 in
397 1078 539 1163 synodo,
559 1079 614 1142 cui
629 1079 752 1143 merito
769 1100 871 1143 aures
887 1079 1057 1144 ecclesiae
1074 1100 1143 1143 non
1154 1087 1327 1162 paterent.

147 1187 251 1253 Cesset
270 1203 362 1246 nunc
385 1181 634 1247 oblatrantium
655 1202 805 1246 morsus:
835 1203 904 1246 non
927 1183 1019 1246 enim
1040 1184 1145 1247 istum
1168 1183 1328 1248 libellum

149 1286 305 1356 canonicis
330 1306 393 1348 nos
420 1283 686 1366 superaddimus
714 1284 913 1367 scripturis,
940 1285 1002 1350 sed
1027 1284 1070 1348 ad
1097 1285 1328 1368 detegendam

149 1394 289 1459 hereseos
311 1387 485 1451 fallaciam
507 1386 660 1468 apostoli
682 1392 787 1469 atque
810 1387 1044 1469 evangelistae
1067 1388 1198 1469 scripta
1217 1393 1329 1453 trans·

151 1493 281 1560 ierimus.
326 1489 370 1554 In
396 1510 464 1572 quo
496 1509 601 1571 opere
627 1494 698 1552 tam
722 1489 927 1553 iubentibus
952 1490 1021 1571 piis
1047 1489 1327 1573 obtemperamus

153 1592 313 1679 episcopis,
331 1612 433 1673 quam
450 1592 567 1674 impiis
580 1590 746 1655 hereticis
763 1591 950 1656 obviamus.
974 1589 1085 1655 Amor
1101 1611 1182 1675 ergo
1195 1590 1328 1657 Christi

153 1704 191 1763 est
204 1696 253 1759 cui
271 1694 519 1774 satisfacimus,
542 1693 725 1758 credentes
744 1693 837 1775 quod
855 1714 917 1758 nos
935 1695 1008 1758 suis
1030 1695 1249 1760 orationibus
1271 1695 1329 1761 ad-

151 1798 316 1880 iuventqui
332 1796 376 1860 ad
393 1797 574 1863 salvatoris
592 1797 704 1860 nostri
722 1801 878 1861 sanctam
893 1796 1078 1861 infantiam
1095 1818 1158 1880 per
1174 1803 1329 1862 nostram

152 1901 307 1988 potuerint
324 1898 559 1963 obedientiam
576 1898 767 1980 pervenire.

551 2000 707 2083 Explicit
724 2000 902 2083 prologus.

151 2234 183 2298 qm'
191 2233 256 2280 mam
277 2228 280 2294 Ι
301 2244 320 2278 A
330 2245 379 2293 per
390 2246 455 2278 eure.
469 2233 542 2291 temp.
557 2245 573 2276 a
585 2228 638 2277 euie
646 2230 700 2291 pri.
721 2227 725 2292 Ι
745 2241 762 2275 A
776 2227 867 2276 libram
879 2228 960 2291 ipema
977 2222 981 2291 Ι
1003 2243 1057 2276 eum
1069 2233 1100 2278 ut
1112 2241 1128 2278 a
1141 2228 1220 2285 Mon,
1238 2241 1256 2277 A
1269 2233 1329 2286 tum,

150 2320 245 2382 vulgum
264 2313 268 2379 Ι
289 2320 384 2363 testum
402 2314 479 2375 (Mon
489 2314 598 2376 perium)
618 2329 676 2361 aero
695 2312 772 2376 (vulg
783 2310 838 2371 om)
857 2313 911 2361 eiue
928 2312 1007 2361 aliter
1019 2312 1095 2373 (Mon
1108 2312 1189 2376 alter)
1203 2313 1329 2377 aliterque

150 2405 208 2467 (vulg
218 2406 290 2465 atque
303 2399 393 2461 aliter)
407 2403 578 2447 manaverant
592 2399 806 2458 (enarraverint,
825 2399 891 2448 item
903 2403 985 2448 antea
997 2398 1184 2461 madidatione
1204 2399 1269 2449 heac
1285 2416 1328 2447 our

150 2504 162 2538 A
177 2486 180 2550 Ι
195 2488 240 2536 eie:
258 2501 274 2533 A
287 2487 385 2549 sicque,
404 2486 469 2548 vulg
481 2485 524 2532 sed
545 2482 548 2546 Ι
569 2484 678 2532 Leucio:
695 2486 760 2548 vulg
774 2483 878 2533 Seleuco
899 2481 902 2547 Ι
923 2484 988 2532 Mon
1005 2485 1207 2550 aedificationem
1225 2482 1229 2549 Ι
1249 2498 1267 2534 A
1279 2500 1330 2533 eom

149 2573 312 2638 aedificationis
321 2571 365 2618 eed
374 2570 554 2618 destructionis
565 2570 693 2618 exhiberet
704 2570 837 2617 materiam
851 2567 854 2632 Ι
869 2582 885 2618 13
897 2570 1027 2618 materiem
1039 2568 1043 2631 Ι
1059 2585 1138 2618 eume:
1150 2583 1167 2618 n
1182 2572 1233 2618 iam
1243 2586 1307 2618 eume
1321 2570 1325 2634 Ι

148 2659 265 2708 neemias
277 2658 341 2719 vulg
353 2668 370 2703 n
383 2670 424 2703 om
437 2656 501 2703 enim
512 2652 516 2716 Ι
533 2668 550 2702 A
564 2655 764 2704 obsaturaatiam
779 2652 782 2719 Ι
796 2655 960 2719 detepeadam
971 2660 1002 2703 ut
1015 2667 1058 2712 Aa,
1072 2655 1119 2704 sed
1132 2656 1197 2718 vulg
1209 2655 1273 2703 bion
1285 2655 1328 2703 de·

148 2743 254 2807 heptadem
272 2739 276 2806 Ι
298 2746 365 2789 lara:
385 2742 508 2804 vulgiiam
521 2744 573 2788 tam
592 2738 596 2804 Ι
615 2755 632 2788 A
645 2742 754 2805 episcop.
768 2740 872 2804 obtemp.
893 2738 897 2804 Ι
917 2741 982 2804 vulg
995 2741 1075 2803 ipitur
1086 2744 1125 2789 eet
1135 2740 1230 2789 Gleietu'
1243 2737 1247 2805 Ι
1262 2741 1327 2789 Mon

148 2829 317 2892 satisfaciamus
332 2827 335 2890 Ι
349 2841 366 2874 A
381 2827 466 2874 adium
479 2826 589 2875 oration.

199 2913 275 2962 Porro
289 2913 342 2961 elia
356 2911 639 2975 Pseudo-Hieronymi
653 2912 769 2973 epistula
782 2910 816 2959 ed
829 2909 936 2960 eosdem
950 2911 1091 2975 episcopos
1104 2912 1205 2975 scripta
1218 2911 1328 2960 circum·

200 2999 287 3055 fertur,
302 3012 385 3060 eaque
399 3003 426 3046 et
439 2998 497 3059 ipsa
509 2997 579 3046 libro
592 2997 625 3045 de
639 2997 785 3045 nativitate
795 2996 895 3046 Mariae
905 2998 1083 3059 praefationis
1096 2998 1155 3046 loco
1166 2997 1329 3061 praeposita.

200 3079 238 3133 Cf.
250 3084 325 3132 Hier.
339 3082 379 3130 ed.
394 3083 507 3131 Vellera.
521 3082 566 3130 xl.
580 3098 640 3146 pag.
654 3083 712 3130 382.
737 3081 775 3130 Ea
788 3082 826 3130 sic
840 3082 936 3131 habet:

147 3169 222 3218 Petilia
234 3186 251 3218 a
262 3185 299 3216 me
318 3173 345 3216 ut
358 3168 426 3216 cotie
437 3168 575 3216 rescribam
587 3167 647 3230 quid
665 3167 726 3214 milei
738 3167 769 3214 de
782 3167 889 3230 quodam
902 3166 988 3215 libello
1002 3168 1120 3217 uideatur
1132 3169 1175 3231 qui
1192 3167 1223 3215 de
1236 3168 1327 3215 nativi·

147 3259 188 3304 tete
202 3255 227 3303 S.
237 3254 343 3303 Mariae
359 3269 376 3301 a
388 3252 518 3302 nonnullis
532 3252 647 3301 habetur.
672 3253 710 3301 Ee
727 3253 783 3300 ideo
799 3252 866 3301 ecire
879 3268 922 3301 voe
934 3252 1004 3309 volo,
1023 3251 1104 3300 multa
1122 3253 1149 3300 im
1161 3268 1189 3301 eo
1199 3252 1278 3316 salsa
1290 3253 1328 3300 ia·

147 3342 218 3389 emiri
254 3339 363 3400 Quidam
385 3354 489 3401 maraque
511 3337 645 3396 Seleucus,
667 3339 710 3400 qui
727 3338 900 3400 paeeioeee
919 3337 1146 3401 apostoloram
1167 3338 1327 3403 eoaecripeit,

145 3426 196 3474 ime
205 3425 313 3474 libellum
326 3425 472 3486 compoeuit·
509 3423 560 3472 Sed
572 3424 638 3471 sicut
649 3424 681 3472 de
693 3423 829 3472 virtutibus
846 3438 931 3471 eorum
948 3426 974 3471 et
989 3422 1121 3471 mamutio
1130 3438 1178 3486 per
1190 3439 1233 3472 eae
1241 3425 1330 3487 saetis

147 3526 194 3559 uera
203 3511 278 3567 dixit,
296 3511 327 3558 de
339 3511 458 3559 doctrina
469 3525 529 3559 aero
541 3525 626 3558 eorum
634 3509 717 3572 plura
727 3510 846 3557 mentitae
857 3513 908 3566 eet,
927 3509 966 3557 ita
977 3511 1003 3556 et
1013 3508 1055 3556 liic
1066 3507 1148 3557 malta
1159 3524 1208 3557 aaa
1221 3525 1283 3558 vera
1295 3511 1327 3558 de

147 3597 206 3645 eorde
219 3612 263 3646 euo
280 3595 411 3661 confinxit.
447 3595 561 3643 Proinde
578 3599 605 3643 ut
624 3595 650 3642 ia
668 3594 775 3642 hebraeo
792 3593 911 3650 liabetur,
929 3593 1029 3642 amium
1046 3610 1077 3642 ea
1089 3594 1163 3643 ambo
1182 3596 1328 3659 tranferre

147 3682 234 3740 meato,
251 3682 374 3745 siquidem
391 3683 504 3728 eaactam
522 3679 704 3743 eoaepelietam
715 3679 875 3728 Matthaeum
892 3678 995 3728 madere
1012 3679 1125 3727 libellum
1138 3679 1217 3742 liquet
1230 3696 1326 3744 eompa-

146 3772 208 3819 aba
218 3774 241 3819 et
253 3771 279 3817 ia
288 3771 372 3832 eapite
382 3768 508 3831 eeampelii
516 3769 556 3817 eui
564 3767 690 3816 hebraicis
701 3767 785 3816 literis
793 3766 951 3830 oheipaatum
960 3766 1107 3830 apposuisse
1117 3764 1168 3826 (ita
1179 3770 1327 3815 correctum

146 3871 182 3918 pro
190 3854 355 3919 opposuieee);
369 3855 435 3917 quod
444 3869 573 3902 aevaeum
585 3853 627 3911 eit,
640 3852 742 3901 auctori
750 3852 926 3917 praefatione
938 3855 963 3900 et
967 3851 1035 3917 fidei
1044 3851 1180 3914 scriptoris
1188 3851 1329 3900 committo.-

145 3943 187 4004 ipee
196 3944 256 3991 eain
267 3947 295 3990 ut
306 3942 368 3989 haec
380 3941 458 3989 dubia
470 3955 522 3988 eeee
530 3940 688 4004 pronuncio,
706 3940 745 3987 ita
758 3937 939 4002 liquidofalea
950 3953 1001 3987 ece
1012 3936 1123 4002 afflans.
1159 3935 1233 3984 Illud
1245 3941 1328 3985 autem

145 4026 208 4076 libere
223 4029 293 4084 dieo,
316 4027 382 4090 quod
393 4026 513 4091 fidelium
530 4026 650 4073 nemimem
669 4029 818 4088 mepaturum
831 4027 910 4087 puta,
928 4023 981 4072 eive
998 4023 1060 4071 daec
1078 4037 1140 4070 aera
1157 4022 1209 4070 eiet
1225 4023 1278 4071 eive
1295 4023 1327 4071 ab

145 4111 216 4176 aliquo
227 4112 348 4179 conficta,
366 4114 556 4160 eaceoeaeetam
569 4110 622 4172 (ita
632 4110 738 4159 Fabric.
750 4125 799 4173 pro
812 4105 990 4170 sacrosancta)
1003 4111 1107 4156 sanctae
1118 4105 1224 4156 Mariae
1235 4108 1328 4157 nativi·

146 4203 207 4247 iam
222 4198 392 4261 (nativitatem
416 4212 447 4246 ex
465 4197 620 4246 coniectura
639 4194 746 4244 eddidit
763 4192 880 4255 Febris.)
898 4208 992 4256 mapsa
1007 4191 1135 4241 miracula
1149 4195 1328 4256 praeeeeeieee,

145 4285 236 4333 amaa
248 4287 379 4334 eoeeecuta
384 4283 484 4346 fuieee,·
497 4286 523 4330 et
535 4281 631 4329 idcirco
644 4279 781 4346 ealaafide
793 4280 825 4327 ab
836 4280 877 4328 tie
888 4279 932 4344 qai
943 4279 1015 4327 deum
1027 4278 1080 4327 ieta
1083 4279 1178 4342 faeere
1187 4295 1262 4342 poeee
1274 4296 1326 4329 ere·

145 4368 196 4418 ene
207 4370 258 4418 eine
265 4367 383 4433 periculo
399 4368 498 4415 animae
514 4382 575 4415 suae
591 4367 662 4415 credi
679 4370 704 4415 et
722 4365 773 4430 lepi
780 4381 864 4430 poeee.
888 4365 1005 4428 Denique
1022 4364 1049 4412 ie
1061 4368 1181 4427 quamtum
1192 4366 1328 4414 recordari

143 4469 234 4516 pum
246 4469 343 4504 mmm
354 4469 403 4502 eae
414 4452 491 4502 aeria
503 4453 639 4516 scriptoria
650 4467 763 4516 aequem,
776 4456 802 4500 et
812 4467 879 4500 suec
890 4451 977 4500 eadem
988 4451 1078 4499 semita
1091 4466 1141 4499 eoa
1153 4450 1244 4498 eisdem
1253 4452 1327 4498 aeeti-
