2962 4912
138 319 236 364 mx
604 297 879 350 ssonnoounss.

139 455 192 516 εῐσ
218 475 249 514 τ.
273 446 424 535 simper,
453 446 563 534 ἆμήμ.)
611 448 709 534 Quod
737 449 894 531 scriptum
924 454 957 513 et
984 448 1049 531 ipsi
1072 468 1112 512 ex
1140 446 1248 512 Paris.
1271 443 1341 510 cod.

141 565 232 627 1771.
254 562 434 627 hausimus.
479 561 543 628 Sed
568 583 669 643 quum
696 581 757 643 pro
785 560 919 626 fabulae
946 560 1081 642 ineptiis
1109 565 1180 623 tum
1203 562 1340 640 propter

139 675 301 740 sermonis
332 674 549 739 vitiositatem
579 672 752 756 indignum
779 672 869 757 quod
900 677 1124 754 repeteremus
1154 668 1340 734 videbatur.

140 785 238 872 Quod
268 785 356 851 idem
387 785 422 849 in
453 785 538 850 alias
568 785 729 868 quasdam
751 784 899 851 Herodis
930 783 1088 866 epistolas
1112 781 1267 865 quadrat,
1300 801 1340 845 ex

139 898 231 963 codd.
254 919 275 962 a
301 895 398 962 nobis
421 896 621 979 descriptas,
650 917 790 979 quarum
816 896 914 961 breve
938 896 1103 977 specimen
1127 892 1218 958 dedit
1240 890 1339 956 Thilo

140 1007 219 1076 Ood.
242 1029 350 1091 apocr.
374 1028 447 1090 pag.
470 1007 635 1076 CXXIV.
657 1014 739 1073 nota
763 1009 833 1072 122.

501 1298 604 1364 XIX.
647 1296 778 1363 MORS
802 1296 976 1364 PILATI.

225 1432 463 1500 Narrationem
485 1435 572 1500 hanc
594 1456 611 1500 6
635 1434 747 1500 codice
770 1433 950 1499 Mediolan.
972 1432 1127 1498 Ambrae.
1149 1433 1245 1497 Lae.
1268 1451 1341 1496 sae·

139 1544 206 1610 culi
232 1545 301 1613 fere
330 1547 442 1628 quarti
469 1546 586 1612 decimi
614 1544 784 1610 edidimus
827 1544 870 1610 In
893 1567 958 1627 qua
980 1545 1044 1609 etsi
1065 1544 1162 1627 plura
1183 1544 1233 1609 ita
1254 1563 1341 1608 oom-

138 1662 258 1740 parata
280 1662 366 1740 sunt,
389 1662 428 1722 ut
450 1658 645 1741 scriptorem
667 1678 733 1721 non
755 1657 1023 1740 antiquissimum
1046 1656 1202 1739 prodant,
1226 1661 1341 1720 tamen

138 1767 220 1833 haec
248 1767 363 1834 fabula
392 1769 581 1834 hominibus
612 1769 684 1834 aevi
715 1768 815 1833 medii
847 1767 985 1833 multum
1016 1769 1142 1850 placuit
1173 1773 1207 1832 61
1237 1766 1341 1851 variis

138 1877 244 1944 modis
275 1881 420 1962 repetita
451 1887 510 1946 661.
562 1878 736 1944 Edidimus
766 1879 868 1963 igitur
898 1884 1077 1961 propterea
1108 1877 1195 1961 quod
1227 1898 1342 1960 quem·

140 1989 317 2056 admodum
345 1993 379 2056 in
408 1991 630 2056 Ambrosiano
660 1990 772 2056 codice
799 1990 935 2073 legitur,
963 2012 1002 2055 ex
1030 1990 1218 2074 antiquiore
1247 1987 1341 2053 fonte

139 2101 290 2168 derivata
322 2108 380 2169 est.
425 2101 552 2167 Tamen
579 2123 644 2166 non
672 2108 742 2167 tam
770 2103 810 2167 de
838 2123 956 2185 graeco
980 2124 1079 2185 quam
1109 2101 1215 2167 latino
1246 2101 1340 2165 fonte

139 2214 351 2298 cogitandum
378 2213 452 2280 erit.
495 2212 575 2279 Duo
607 2219 719 2279 autem
749 2214 900 2296 inprimis
927 2215 1068 2297 vestigia
1099 2220 1176 2278 sunt
1207 2213 1342 2278 fabulae

138 2323 237 2390 huius
268 2325 335 2389 late
365 2329 571 2407 propagatae
602 2331 704 2407 atque
736 2323 894 2390 excultae.
946 2325 1100 2391 Alterum
1132 2330 1182 2390 est
1211 2326 1246 2388 in
1278 2323 1343 2390 Le-

139 2435 247 2518 genda
277 2456 379 2500 aurea
410 2435 525 2501 iacobi
556 2434 806 2521 devoragine,
837 2437 872 2501 in
904 2457 1003 2520 quam
1034 2436 1102 2501 fere
1133 2441 1207 2500 tota
1238 2441 1341 2518 atque

139 2567 260 2630 magna
283 2568 324 2611 61
346 2552 442 2630 parte
463 2546 581 2612 iisdem
603 2548 711 2613 verbis
733 2554 870 2631 recepta
891 2555 949 2612 est.
994 2546 1242 2630 of.0ap.L111.
1260 2548 1339 2629 (51.)

139 2660 176 2721 de
197 2663 341 2744 passione
363 2662 478 2722 domini
500 2658 560 2742 (ed.
584 2658 722 2726 Graesse
745 2681 819 2742 pag.
842 2661 904 2724 232
928 2665 1021 2743 sqq.).
1065 2658 1191 2741 Incipit
1219 2660 1341 2722 Interea

140 2792 207 2834 eam
235 2771 383 2855 lpberim
405 2773 508 2834 morbo
526 2775 621 2857 pravi
641 2783 802 2849 1666161166,
834 2776 992 2834 nouantur
1013 2773 1105 2834 aden
1127 2773 1209 2856 quod
1229 2771 1342 2834 Hiero-

139 2883 253 2945 solimis
275 2883 398 2967 quoidam
422 2885 552 2946 medicas
574 2894 655 2946 esset.
699 2882 834 2947 Finitur
858 2883 966 2947 verbis
993 2882 1058 2947 his:
1089 2884 1142 2945 abi
1166 2884 1268 2945 adduc
1296 2905 1341 2944 re·

140 2994 250 3056 latiam
278 2995 468 3077 qaeorundam
496 2996 644 3080 qsaaedam
675 2996 850 3079 dyabolicae
880 2996 1116 3058 machinationes
1146 2994 1269 3056 ebullire
1299 2997 1342 3056 vi-

140 3104 256 3166 dentur.
301 3101 367 3168 His
398 3104 553 3186 apposita
584 3110 635 3168 est
665 3110 745 3169 nota
773 3104 938 3190 Hucusque
968 3109 999 3167 iu
1030 3107 1190 3189 praedicta
1212 3107 1344 3169 76616676

140 3216 317 3299 apocrypha
344 3215 493 3300 lepantm.
537 3214 652 3280 Antea
678 3237 756 3281 vero
788 3236 860 3299 pag.
883 3217 954 3280 231.
985 3215 1095 3280 media
1121 3215 1205 3281 haec
1228 3216 1343 3300 legun·

140 3330 212 3389 tur:
247 3327 309 3390 Sed
343 3327 379 3390 ds
410 3350 510 3411 poena
540 3338 569 3389 et
598 3331 712 3412 oriyine
743 3328 839 3391 Indae
869 3331 997 3391 invenies
1028 3331 1059 3390 in
1089 3328 1214 3412 leyenda
1244 3331 1345 3391 saneti

140 3437 293 3501 Matthiae
323 3440 359 3501 de
389 3461 491 3523 poena
522 3448 550 3500 et
578 3441 691 3502 excidio
722 3440 905 3502 Iudaeorum
942 3443 973 3501 in
1006 3439 1130 3524 leyenda
1160 3443 1260 3502 sumti
1290 3440 1342 3503 Ia·

141 3550 207 3612 cabi
227 3553 366 3630 minoris,
391 3552 428 3612 de
444 3572 545 3635 poena
568 3561 666 3613 auam
689 3560 718 3612 et
737 3554 852 3635 eripias
874 3551 984 3635 Pylaa’
1004 3553 1036 3612 in
1057 3533 1342 3634 qeaadam'lrisloria

141 3660 210 3722 licet
229 3663 406 3746 apocrypha
428 3661 553 3747 lapiton:
571 3665 644 3747 fnit
664 3664 787 3746 qnidam
809 3685 861 3724 ree
883 3665 999 3724 nomine
1027 3662 1143 3744 Tyrus,
1171 3665 1224 3746 qni
1245 3684 1343 3746 quan

141 3773 213 3834 61666
230 3773 365 3855 puellam
388 3777 505 3837 marine
527 3774 643 3858 Pylam
667 3779 728 3836 etc.
772 3770 997 3838 Conferendus
1022 3778 1073 3838 est
1094 3777 1205 3837 textus
1228 3797 1249 3838 6
1271 3795 1344 3838 rer·

141 3882 193 3947 bis
216 3903 316 3966 supra
339 3883 447 3949 allatis
470 3907 543 3950 cnm
565 3884 790 3950 Ambrosiano
813 3888 938 3949 nostro.

228 4019 382 4085 Alterum
409 4042 485 4086 vero
517 4022 616 4088 huius
647 4020 779 4086 fabulae
806 4022 980 4105 vestigium
1011 4028 1062 4087 est
1091 4024 1125 4087 in
1151 4023 1343 4089 Passionali

141 4131 261 4213 veteri,
293 4131 381 4212 qnod
408 4154 513 4214 nuper
541 4155 580 4198 ex
603 4133 838 4215 manuscriptis
861 4132 963 4197 edidit
985 4133 1029 4198 K.
1051 4134 1093 4199 A.
1116 4135 1238 4200 Hahn:
1269 4135 1343 4201 Das

142 4242 210 4307 alte
225 4242 409 4307 Passional.
452 4244 732 4329 Herausgegeben
752 4267 815 4310 von
835 4244 874 4309 R.
890 4244 932 4309 A.
948 4245 1061 4310 Hahn.
1091 4246 1228 4311 Franks.
1251 4269 1279 4311 a
1294 4247 1344 4311 M.

145 4355 236 4418 1845.
282 4352 332 4419 Of.
354 4374 426 4437 pag.
450 4358 499 4421 88.
522 4377 551 4421 v.
577 4360 613 4422 17
639 4379 711 4441 sqq.
754 4356 868 4422 Pauca
890 4356 966 4422 inde
989 4359 1225 4424 exscribamus:
