2962 4912
144 282 205 346 106
316 282 648 335 ΡὸΕὕῦΟ-ΜΑΤΤΗΑΕΙ
667 285 909 335 avauuumuu.
942 284 1016 335 CAP.
1037 283 1172 334 XXXVII.

142 435 277 498 iuvenis
301 434 353 498 illi
375 434 574 499 faciendum
598 433 778 517 grabatum
802 434 998 499 cubitorum
1021 456 1081 499 sex
1104 433 1344 498 demandaret.

141 537 189 602 Et
208 539 310 602 iussit
320 537 449 619 loseph
465 558 573 620 puero
592 558 653 601 suo
671 537 826 601 incidero
844 537 975 619 lignum
993 558 1074 602 seca
1091 537 1206 602 ferrea
1221 558 1347 602 secun-

143 640 223 704 dum
239 661 435 705 mensuram
447 661 549 721 quam
566 640 718 704 miserat.
745 638 812 722 Qui
831 661 899 703 non
917 641 1064 705 servavit
1075 639 1258 704 definitum
1276 639 1347 703 sibi

142 744 296 822 modum;
321 742 382 806 sed
399 742 483 806 fecit
505 764 611 806 unum
628 743 761 825 lignum
778 743 915 807 brevius
938 742 1059 807 altero.
1090 742 1138 806 Et
1155 743 1273 824 coepit
1290 742 1348 805 Io·

143 846 227 928 seph
249 844 441 910 aestuando
466 846 619 927 cogitare
632 845 728 928 'quid
751 845 950 910 faciendum
974 846 1005 909 ci
1028 853 1122 910 osset
1143 867 1250 928 super
1267 844 1346 910 hoc.

142 949 210 1012 ’Et
227 957 265 1011 ut
278 946 475 1012 vidittesus
493 969 570 1012 eum
588 949 637 1012 sio
653 954 870 1013 aestuantem
887 949 1111 1031 cogitatione,
1131 950 1186 1012 cui
1204 946 1344 1034 [quim]

141 1073 196 1115 res
208 1058 306 1134 gesta
315 1049 544 1132 impossibilis
556 1056 640 1132 erat,
655 1051 982 1116 consolatoriavoce
995 1051 1190 1134 alloquitur
1201 1072 1281 1115 eum
1294 1049 1347 1113 di·

141 1174 236 1217 cens:
269 1152 360 1220 Veni
377 1161 557 1218 teneamus
575 1154 690 1235 capita
709 1153 926 1236 singulorum
942 1153 1128 1235 lignorum,
1147 1160 1182 1219 et
1199 1155 1345 1218 coniun-

140 1278 260 1340 gamus
278 1276 319 1320 ea
329 1264 434 1339 caput
450 1257 493 1321 ad
510 1262 624 1338 caput,
643 1261 678 1320 et
691 1277 922 1339 coaequemus
940 1278 981 1321 ea
996 1258 1039 1321 ad
1058 1278 1093 1322 se
1112 1256 1344 1321 attrahamus

140 1359 184 1424 ad
201 1380 279 1423 nos:
304 1360 495 1441 poterimus
514 1360 606 1424 enim
623 1380 664 1423 ea
680 1359 796 1424 facere
813 1359 985 1442 aequalia.
1022 1359 1121 1424 Tunc
1137 1359 1268 1442 Ioseph
1286 1358 1345 1423 ob·

140 1462 345 1544 temperarit
361 1462 513 1541 iubenti;
535 1461 669 1526 sciebat
686 1463 777 1526 enim
795 1462 886 1544 quod
904 1469 1024 1545 posset
1039 1463 1154 1528 tacere
1173 1461 1343 1544 quicquid

139 1565 254 1630 vellet.
300 1564 347 1629 Et
368 1564 601 1647 apprehendit
621 1564 750 1648 Ioseph
774 1566 890 1648 capita
910 1565 1084 1648 lignorum
1106 1571 1141 1630 et
1163 1565 1278 1628 iunxit
1298 1562 1343 1627 ad

139 1668 309 1750 parietem
326 1673 361 1731 et
376 1668 473 1731 iuxta
490 1688 537 1746 se,
556 1673 591 1730 et
607 1667 722 1731 tenuit
737 1666 838 1730 Iesus
856 1666 967 1731 altera
984 1669 1099 1748 capita
1115 1666 1291 1749 lignorum
1310 1673 1345 1730 et

140 1770 247 1834 traxit
267 1769 309 1833 ad
332 1790 368 1833 se
392 1769 529 1833 brevius
552 1769 684 1852 iignum
709 1775 744 1834 et
761 1771 967 1852 coaequavit
988 1770 1082 1852 ligno
1101 1770 1263 1852 longiori.
1297 1768 1345 1832 Et

140 1871 228 1936 dixit
250 1872 294 1936 ad
310 1871 454 1954 Ioseph:
489 1870 587 1938 Vade
606 1873 759 1955 operari,
784 1879 819 1937 ot
841 1872 896 1936 fao
913 1871 1006 1954 quod
1024 1871 1196 1936 facturum
1214 1878 1247 1937 te
1266 1893 1345 1954 pro·

140 1976 295 2039 miseras.
326 1973 374 2038 Et
390 1973 476 2039 tecit
492 1973 621 2056 Ioseph
639 1974 732 2057 quod
749 1975 966 2057 promiserat.
1130 1979 1133 1983 ’

140 2201 285 2250 auditorum.
311 2200 362 2249 Ioe.
381 2205 463 2249 autem
481 2202 555 2249 iueee't
570 2215 649 2262 puero
669 2201 780 2248 incidere
800 2199 870 2263 liqna
887 2217 961 2248 serra
970 2202 1065 2265 serrea
1082 2201 1182 2249 secund.
1201 2218 1347 2250 mensuram

140 2303 214 2351 quam
222 2287 385 2348 promiserat.
415 2286 465 2346 Qui
476 2302 526 2334 non
538 2286 650 2334 emacuit
662 2285 710 2333 ridi
722 2285 851 2350 definitores
863 2286 975 2342 modum,
995 2286 1038 2334 aed
1051 2302 1125 2334 unum
1138 2287 1277 2351 tipuseeit
1290 2287 1346 2335 dre·

139 2375 193 2422 uiue
212 2372 303 2421 altero.
328 2372 460 2432 Eteoeptt
473 2397 481 2407 ·
494 2386 571 2432 super
582 2372 635 2420 doe.
671 2366 682 2397 ²
702 2371 739 2419 at
756 2376 784 2419 ut
798 2372 846 2418 oid.
860 2387 914 2419 eum
927 2371 976 2419 Iee.
994 2373 1031 2418 eie
1049 2376 1205 2420 aestuantem
1217 2373 1347 2435 eopitore,

138 2458 312 2507 consolatoria
329 2472 388 2505 vore
401 2482 409 2492 ·
423 2457 523 2505 dicere:
548 2457 611 2504 Noli
627 2457 792 2512 contristari,
810 2457 853 2504 red
862 2472 929 2516 poue
942 2457 1041 2505 breuius
1054 2457 1148 2520 liparen
1166 2462 1192 2506 et
1203 2462 1231 2506 tu
1249 2473 1346 2520 appre-

137 2545 216 2592 hende
230 2557 279 2604 per
290 2559 365 2591 uuum
378 2546 456 2604 caput
468 2542 534 2590 illud
553 2546 578 2590 et
593 2558 638 2605 epo
647 2557 698 2603 per
710 2541 796 2598 aliud,
815 2545 841 2589 et
853 2554 996 2605 coequemur
1008 2559 1051 2598 ρας
1066 2543 1207 2603 poterimus
1225 2545 1292 2591 euim
1313 2559 1346 2591 ea

137 2628 347 2693 equalr‘asaeere.
372 2629 409 2675 Et
414 2629 485 2692 feeit
496 2628 588 2688 Ioeepd
599 2629 666 2675 aaut
674 2631 846 2689 praeceperat
858 2628 881 2675 ei
893 2627 977 2675 Iesus:
994 2628 1090 2676 sciebat
1106 2629 1170 2675 euim
1183 2630 1244 2691 quia
1255 2632 1348 2690 poeeet

130 2718 224 2781 facere
237 2714 303 2777 quod
315 2712 399 2761 uellet.
424 2713 462 2761 Et
473 2713 643 2775 apprehendit
654 2712 746 2772 Ioseph
758 2710 807 2758 duo
820 2713 908 2772 capitu
922 2712 1046 2775 liquorum
1064 2716 1090 2761 et
1107 2713 1190 2761 iunxit
1208 2715 1242 2761 ad
1251 2715 1346 2775 parie-

139 2805 186 2849 tem
199 2798 319 2863 (videtur
336 2803 361 2847 et
373 2798 444 2861 quod
459 2798 484 2846 h.
495 2799 512 2848 l.
527 2812 544 2846 a
556 2798 634 2847 addit
647 2797 789 2847 delendum
804 2796 873 2857 esso)
886 2798 959 2845 turta
976 2814 1001 2845 re
1018 2803 1042 2846 et
1060 2800 1140 2847 terruit
1154 2797 1240 2862 [Iesus
1253 2799 1346 2848 altera

138 2887 225 2948 capita
238 2884 371 2947 liquorum,
384 2898 403 2933 1>
414 2899 455 2932 om
466 2883 546 2948 hece]
561 2889 586 2932 et
598 2885 681 2932 traxit
693 2885 727 2932 ad
737 2900 763 2932 se
775 2883 874 2931 breuius
886 2883 980 2945 lippum
993 2889 1017 2932 et
1027 2886 1158 2948 coequavit
1167 2884 1263 2948 liparem
1274 2885 1348 2948 liquo

138 2976 163 3020 et
175 2972 241 3020 diar't
253 2972 287 3019 ad
297 2971 402 3032 Ioseph.-
421 2971 489 3018 Eece
502 2985 609 3032 operare
621 2971 742 3032 quomodo
755 2971 800 3018 oie.
819 2970 911 3030 Ioeeple
923 2975 1005 3018 autem
1018 2987 1072 3018 oum
1083 2972 1188 3019 uidisset
1200 2971 1348 3035 qaodseeit

138 3057 218 3114 Ieeue,
231 3055 392 3118 aurpleeatue
403 3060 442 3104 eet
452 3072 506 3104 eum
518 3060 543 3104 et
552 3055 633 3103 diar't:
645 3057 744 3104 Beatus
752 3072 805 3104 aum
817 3071 862 3118 eqo
872 3057 932 3119 quia
942 3056 1018 3104 talem
1023 3057 1111 3121 fitium
1120 3057 1192 3103 dedit
1199 3057 1262 3104 mihi
1272 3056 1345 3104 deris.

207 3141 239 3190 In
253 3141 344 3193 codice
357 3153 374 3188 n
389 3141 502 3189 historia
515 3140 568 3189 ista
580 3141 618 3189 sic
633 3141 728 3189 habet:

207 3222 216 3254 ¹
228 3228 292 3276 Post
303 3228 364 3274 haec
377 3227 479 3289 quidam
491 3227 646 3274 architecto-r
659 3225 797 3289 ltputsader
810 3227 868 3273 dum
878 3227 984 3290 faceret
998 3231 1116 3274 aratrum
1124 3242 1174 3288 pro
1187 3228 1247 3289 iupa
1260 3227 1345 3284 bonor,

138 3313 205 3362 veuit
218 3313 319 3376 quietam
332 3310 386 3376 [et]
399 3312 467 3360 dicit
478 3313 516 3359 et:
536 3312 590 3360 Fac
601 3313 662 3359 uuiti
673 3312 812 3374 speciosum
822 3311 966 3375 grabatum.
987 3312 1047 3360 Cmu
1060 3313 1143 3361 emata
1153 3312 1224 3375 liqna
1234 3313 1346 3375 probati

137 3399 369 3462 operatuesuieeet,
381 3397 488 3460 contigit
500 3397 566 3460 quod
578 3397 703 3460 quoddam
716 3397 874 3462 liquumsur't
886 3398 957 3446 breve
969 3390 1187 3459 uuastepauuam.
1214 3398 1237 3446 Τ
1233 3415 1284 3446 uua
1296 3399 1344 3447 ille

138 3484 276 3549 liqnp'aber
292 3484 374 3544 eoepit
391 3483 547 3531 contristari.
584 3478 595 3509 ²
615 3483 720 3547 Cumque
737 3484 842 3533 vidisset
859 3500 913 3532 euru
931 3484 1016 3541 Iecur,
1036 3483 1182 3533 eoueolatue
1198 3500 1254 3531 eum
1274 3485 1343 3532 aaa

138 3572 176 3619 eir
195 3569 256 3619 Noli
269 3568 419 3617 contristari
423 3588 431 3624 ,·
446 3570 490 3616 red
504 3568 662 3630 apprehende
674 3584 705 3617 ex
716 3584 768 3616 aaa
776 3573 862 3631 parte,
876 3574 902 3617 et
913 3584 957 3631 epo
970 3585 1001 3616 ea
1013 3568 1069 3616 alia
1080 3570 1213 3618 extendam
1225 3569 1295 3617 illud
1306 3570 1342 3618 od

138 3673 182 3705 me.
203 3656 262 3703 Cum
275 3660 357 3704 autem
369 3655 523 3704 extendisset
535 3654 601 3702 illud
613 3655 648 3703 ad
661 3654 842 3718 longitudinm
855 3655 964 3702 alteriue
976 3654 1047 3716 tipus,
1060 3655 1129 3703 uteie
1139 3655 1174 3702 ad
1186 3671 1256 3703 eum:
1272 3656 1342 3704 Eece

138 3743 209 3791 modo
227 3745 343 3790 construe
357 3741 493 3804 grabatum
509 3742 575 3788 sicut
590 3741 636 3787 rie.
661 3741 825 3789 Architeetor
842 3739 888 3787 ille
906 3744 931 3788 et
947 3755 1030 3789 omres
1047 3741 1089 3802 qui
1105 3756 1159 3788 eum
1176 3756 1204 3788 eo
1221 3745 1298 3790 eram
1316 3742 1342 3789 ia

137 3830 209 3878 domo
219 3843 273 3875 cum
282 3827 404 3875 vidissent
415 3827 511 3890 siquam
524 3827 709 3891 quodseeerat,
723 3826 879 3874 admiranter
888 3826 1022 3873 dixerunt:
1041 3825 1106 3874 Vero
1118 3826 1159 3874 lu'e
1170 3831 1209 3874 eet
1218 3826 1340 3884 Meretur,

139 3930 209 3978 quem
220 3911 417 3976 eapeetoatfile'r'
429 3910 523 3959 Israel.

208 3997 335 4060 Sequitur
347 3997 399 4044 hoe
413 3998 472 4045 loco
489 3998 517 4045 in
531 3995 622 4044 codiee
637 4009 652 4042 n
667 3994 868 4045 narratiuncula
882 4010 948 4058 queo
968 3996 1046 4045 abest
1064 4011 1080 4044 a
1093 3995 1153 4044 cdd.
1167 4009 1182 4044 a
1197 4004 1226 4046 ot
1239 4011 1266 4047 1).
1292 3997 1342 4046 aaa

138 4092 227 4137 eutem
241 4084 320 4131 haec:

206 4171 245 4218 Et
258 4183 312 4216 eum
324 4166 396 4214 Iecur
408 4181 462 4214 auu
477 4165 539 4214 aliie
551 4165 688 4229 infantulis
699 4181 775 4227 cuper
787 4167 876 4214 radiae
888 4166 958 4216 eolus
970 4165 998 4228 (t
1008 4166 1122 4215 colarii?
1149 4167 1285 4231 Scriptum
1299 4176 1343 4219 est

137 4254 201 4318 eol’)
218 4255 308 4317 ubique
322 4252 412 4316 plures
428 4251 576 4300 ascenderet
592 4255 617 4299 et
632 4253 744 4309 eederet,
765 4252 885 4316 multique
903 4254 982 4301 simili
998 4254 1071 4303 modo
1084 4256 1178 4319 faeere
1195 4260 1343 4318 coeperunt,

134 4339 384 4408 praecipitabantur,
397 4341 422 4386 et
434 4352 519 4386 eorum
532 4352 610 4386 crura
614 4336 809 4402 frangebantur
821 4342 846 4386 et
858 4339 971 4386 bractia.
991 4338 1042 4387 Sed
1053 4339 1169 4388 doroteae
1181 4339 1255 4389 Ieeue
1265 4357 1345 4389 euua-

137 4431 182 4479 but
193 4441 283 4478 curaer.
