3000 4912
160 271 221 334 170
427 270 661 321 EVANGELIUM
679 268 827 321 ΤΗΟΜΑΕ
845 269 1015 320 LATINUM.
1043 270 1089 319 vl.

157 422 311 487 dicebat:
343 420 464 485 Talem
480 441 628 504 puerum
644 422 694 487 ita
710 419 911 504 loquentem
928 440 1106 503 nunquam
1120 420 1202 485 ridi.
1239 421 1287 488 Et
1302 443 1362 507 ap·

157 524 396 608 propinquans
422 523 467 589 ad
489 523 619 607 Ioseph
645 523 733 589 dixit
758 522 805 587 ei:
837 520 1041 604 Sapientem
1065 543 1212 606 puerum
1238 523 1358 607 habes,

156 628 257 694 trade
278 626 417 693 eumad
435 626 641 692 discendum
659 627 813 705 litteras3
831 645 907 690 cum
924 633 1040 690 autem
1058 626 1181 692 doctus
1199 626 1359 693 fueritin

157 730 274 797 studio
294 731 507 812 litterarum,
531 751 593 813 ego
612 729 742 795 docebo
764 749 842 794 eum
864 728 1054 796 honorifice
1073 736 1113 795 ut
1132 751 1202 795 non
1225 730 1287 796 fiat
1310 731 1361 796 in·

156 837 300 920 sipiens.
341 833 540 917 Respondit
567 839 684 899 autem
709 831 838 915 Ioseph
870 839 905 897 et
930 831 1018 897 dixit
1048 831 1209 898 adeum:
1247 832 1360 899 Nemo

69 975 71 979 v
156 943 273 1022 potest
289 936 413 1003 docere
432 957 509 1002 eum
526 936 596 1002 nisi
613 936 709 1001 solus
727 935 824 1000 deus.
861 933 1041 1019 Numquid
1059 935 1214 1018 creditis,
1231 958 1359 1020 parvus

157 1043 225 1108 erit
245 1041 409 1125 parvulus
432 1037 523 1105 iste?
568 1039 697 1105 'Iesus
720 1046 837 1104 autem
859 1059 937 1104 cum
959 1038 1118 1104 audisset
1138 1039 1225 1105 talia
1241 1040 1361 1106 dieen-

156 1152 226 1210 tem
241 1143 389 1227 Ioseph,
413 1142 501 1208 dixit
522 1142 566 1208 ad
582 1142 773 1208 Zaoheum:
805 1140 897 1211 Vere
919 1142 1101 1226 magister,
1125 1141 1208 1225 quia
1224 1150 1359 1226 quanta

155 1247 199 1312 de
216 1268 274 1313 ore
291 1266 367 1311 meo
385 1244 582 1329 procedunt
599 1265 680 1309 vera
696 1252 787 1310 sunt.
817 1243 865 1309 Et
880 1251 961 1309 ante
979 1265 1097 1309 omnes
1114 1244 1166 1309 tui
1182 1245 1357 1328 dominus,

154 1372 213 1416 ros
236 1359 352 1415 autem
374 1348 595 1432 alienigenae
620 1350 716 1414 estis.
764 1346 937 1430 Quoniam
959 1347 1044 1412 mihi
1066 1347 1149 1413 data
1171 1355 1225 1413 est
1246 1349 1360 1432 gloria

155 1454 368 1533 seculorum,
389 1433 485 1517 vobis
503 1450 623 1517 datum
645 1458 698 1517 est
720 1451 825 1531 nihil;
848 1451 931 1534 quia
951 1457 1032 1516 ante
1050 1450 1169 1516 secula
1188 1472 1252 1534 ego
1269 1472 1359 1518 sum.

154 1556 230 1640 Ego
251 1562 368 1622 autem
385 1556 456 1620 scio
474 1563 560 1638 quot
580 1555 663 1620 anni
680 1561 785 1620 erunt
799 1555 889 1619 ritae
907 1560 1004 1636 tuae,
1028 1560 1063 1618 et
1079 1555 1243 1637 quoniam
1259 1554 1361 1621 tolle·

154 1660 203 1725 ris
220 1660 256 1724 in
274 1657 431 1723 exilium:
450 1657 543 1741 quod
561 1657 649 1722 dixit
664 1663 765 1740 pater
780 1678 877 1722 meus
895 1664 935 1721 ut
949 1656 1129 1739 intelligas
1142 1659 1224 1741 quia
1241 1659 1360 1725 omnia

154 1781 244 1844 qnae
267 1761 464 1844 procedunt
486 1761 529 1827 de
553 1782 612 1827 ore
635 1782 710 1826 meo
732 1782 813 1827 vera
834 1766 926 1826 sunt.
977 1763 989 1796 ⁸
1010 1759 1135 1826 Iudaei
1157 1769 1273 1827 autem
1296 1763 1359 1846 qui

153 1864 318 1930 astabant
335 1872 370 1929 et
386 1864 579 1930 audiebant
594 1884 769 1929 sermones
781 1885 867 1947 quos
885 1862 1095 1946 loquebatur
1109 1863 1221 1944 Iesus,
1240 1865 1359 1930 mirati

153 1973 237 2032 sunt
263 1973 297 2031 et
319 1966 485 2031 dicebant
507 1967 590 2050 quia
614 1967 701 2032 talia
721 1965 897 2031 mirabilia
917 1966 1065 2031 vidimus
1094 1974 1129 2032 et
1158 1968 1356 2034 audirimus

154 2068 243 2135 tales
261 2091 438 2136 sermones
458 2069 501 2135 ab
518 2071 585 2135 isto
602 2091 722 2154 puero,
746 2070 865 2152 qualia
881 2091 1059 2153 nunquam
1078 2069 1273 2136 audivimus
1291 2090 1358 2136 neo

152 2173 309 2238 audituri
331 2194 450 2238 sumus
472 2173 514 2238 ab
536 2172 605 2238 alio
627 2173 746 2255 aliquo
768 2172 922 2255 homine,
949 2193 1062 2256 neque
1089 2195 1109 2238 a
1128 2172 1356 2255 pontificibus

153 2297 268 2359 neque
289 2298 309 2342 a
325 2277 502 2360 magistris
519 2297 633 2360 neque
656 2276 904 2341 aPharisaeis.
951 2279 963 2311 ⁴
980 2275 1179 2359 Respondit
1194 2277 1296 2342 Iesus
1320 2284 1357 2342 et

152 2378 243 2444 dixit
264 2381 328 2446 eis:
360 2380 410 2446 Ut
426 2380 511 2464 quid
527 2377 725 2445 miramini?
754 2380 986 2446 Incredibilia
1008 2379 1145 2446 habetis
1162 2383 1246 2464 quia
1261 2381 1357 2446 lecu·

152 2490 210 2549 tus
232 2505 307 2549 sum
328 2480 534 2549 veritatem?
565 2480 646 2549 Scio
671 2483 809 2566 quando
833 2485 907 2548 nati
930 2484 1014 2548 estis
1037 2490 1073 2547 et
1091 2489 1209 2567 patres
1231 2484 1352 2549 vestri:

152 2593 189 2652 et
205 2588 234 2652 si
251 2587 330 2670 plus
347 2586 592 2677 dimovebis,
611 2585 750 2670 quando
767 2585 916 2651 mundus
933 2586 1047 2651 factus
1065 2592 1118 2651 est
1135 2607 1198 2670 ego
1216 2589 1299 2670 scio,
1321 2594 1356 2653 et

153 2692 213 2773 qui
235 2711 288 2755 me
305 2691 401 2755 misit
421 2691 465 2756 ad
480 2711 550 2757 ros.
584 2688 671 2755 Cum
691 2689 874 2755 audissent
889 2689 1015 2755 Iudaei
1039 2710 1233 2755 sermonem
1251 2711 1353 2773 quem

151 2792 289 2858 dixerat
305 2793 432 2873 infans,
453 2792 570 2857 mirati
588 2798 669 2857 sunt
685 2799 829 2875 propter
844 2792 908 2857 hoc
925 2791 1019 2874 quod
1036 2813 1105 2857 non
1122 2798 1287 2874 poterant
1303 2815 1354 2859 re·

221 3038 264 3088 Ita
276 3050 309 3086 D:
327 3038 413 3101 Ipz'tur
426 3038 528 3100 quidam
539 3038 661 3100 mapirter
673 3037 786 3085 Zacbeuo
797 3037 895 3085 nomiae
910 3053 979 3085 auso.
992 3038 1076 3084 omnia
1089 3037 1164 3086 verba
1177 3054 1241 3101 quae
1255 3063 1263 3073 -
1275 3040 1354 3087 miro·

151 3129 192 3171 tua
203 3123 304 3172 dicebat
322 3123 356 3170 ad
368 3124 525 3184 semetipsam
538 3148 546 3158 ·
559 3138 685 3186 rrunqaam
698 3122 793 3170 audivi.
818 3122 856 3170 Et
874 3123 1094 3185 appropinquavit
1110 3123 1145 3172 ad
1158 3123 1209 3172 Ios.
1227 3127 1253 3171 et
1264 3124 1332 3173 dixit
1344 3149 1354 3161 ·

151 3207 195 3255 sed
208 3207 282 3255 trade
295 3224 349 3256 eum
362 3208 396 3256 ad
405 3208 540 3257 discendas
552 3207 656 3256 litterar
669 3233 677 3243 ·
683 3208 771 3272 suerit
779 3207 865 3258 stadio
879 3232 887 3244 ·
900 3209 1043 3270 Respondit
1055 3208 1106 3256 Ios.
1119 3212 1144 3257 et
1156 3209 1208 3257 dia.
1222 3211 1246 3257 ei
1258 3210 1355 3259 -iatam

147 3308 255 3354 puerum
267 3292 357 3342 docere
373 3293 424 3342 aiei
442 3292 512 3342 eolus
529 3294 599 3341 deur.
624 3292 752 3356 Numquid
766 3307 861 3355 param
874 3295 1003 3343 cruciatus
1020 3295 1071 3343 en't
1079 3294 1207 3355 paruulus
1222 3295 1271 3343 iste
1282 3295 1353 3343 nobis

141 3379 253 3442 frater?
265 3378 316 3440 (sic
329 3379 445 3442 singula,
458 3376 604 3442 corrupte).

219 3467 243 3513 2.
262 3477 296 3512 n:
316 3464 389 3513 Iesus
400 3469 483 3514 autem
502 3490 510 3500 ·
530 3469 626 3528 quanta
645 3465 754 3513 audiatis
766 3464 797 3513 de
809 3480 853 3513 ore
864 3479 917 3513 oreo
929 3481 990 3513 vera
1002 3469 1060 3512 aurit
1079 3490 1087 3500 ·
1107 3481 1150 3527 eye
1164 3481 1215 3512 cunr
1228 3464 1352 3523 dominus,

149 3567 193 3599 ooo
205 3567 262 3599 aere
275 3551 355 3599 alieni
366 3551 436 3608 ertia,
449 3552 509 3614 qaia
518 3551 606 3614 oloris
618 3566 703 3599 eoram
715 3550 766 3612 (sic
779 3551 860 3600 etiam
875 3563 901 3607 Δ,
920 3550 966 3600 sed
980 3551 1140 3600 correximus
1154 3550 1303 3609 seculorum,
1317 3553 1351 3601 cf.

150 3652 245 3701 evang.
258 3637 350 3686 Thom.
365 3635 465 3686 Graece
478 3638 500 3685 B
514 3637 559 3693 vl,
572 3635 609 3697 2.)
621 3637 687 3685 data
698 3641 736 3685 eat
746 3637 816 3699 midi,
828 3637 897 3686 vebis
908 3641 991 3686 autem
1003 3638 1091 3686 datam
1102 3641 1140 3686 ert
1152 3633 1242 3698 [nibil]
1257 3661 1265 3671 ·
1278 3642 1353 3685 eruat

149 3724 218 3771 uitae
235 3739 287 3771 mee
305 3722 367 3785 (sic)
386 3723 524 3786 riquardo
542 3706 588 3786 (qb
600 3723 650 3784 sic)
668 3722 760 3771 tuleris
777 3721 897 3783 uexillum
913 3721 963 3784 (sic
977 3720 1096 3787 singula)
1114 3723 1180 3786 qaod
1192 3721 1260 3770 dira
1272 3727 1352 3783 pater

150 3825 224 3858 rarus.
250 3808 388 3871 Intelliyas
400 3809 460 3872 qaia
472 3833 481 3844 ·
494 3813 559 3857 ruat.

219 3897 243 3944 3.
263 3894 316 3942 alio
329 3894 431 3958 aliquo:
443 3895 470 3944 in
485 3893 578 3944 codice
591 3900 633 3942 est
646 3894 700 3943 alio
713 3893 874 3957 aliquandiu.

218 3996 236 4030 1>
250 3981 308 4029 Iud.
321 3985 404 4030 autem
416 3982 459 4044 qai
470 3981 574 4029 madent
585 3984 611 4029 et
623 3981 682 4029 aad.
695 3981 765 4042 ipsos
777 3995 902 4029 sermones
919 4004 927 4014 ·
946 3982 1003 4028 mir.
1016 3986 1074 4029 runi
1087 3980 1199 4029 diceutes
1211 3982 1272 4044 quia
1284 3981 1353 4031 talia

148 4065 280 4114 mirabilia
295 4071 320 4114 et
332 4082 457 4116 rerrnoner
473 4068 615 4116 audivimus
633 4067 664 4115 ab
682 4068 737 4128 ipso
746 4083 827 4130 puero
840 4067 947 4130 quiaque
965 4083 1100 4126 annorum,
1118 4068 1207 4131 quales
1223 4083 1353 4131 nunquam

150 4153 234 4202 aridio.
254 4153 293 4201 cel
311 4153 393 4201 audit.
413 4169 496 4202 matus
514 4154 545 4202 ab
564 4153 650 4218 aliquo
668 4154 765 4202 bomine
782 4168 860 4216 aeque
878 4170 894 4200 a
904 4154 1027 4220 pontifice
1045 4170 1123 4217 aeque
1142 4170 1159 4202 a
1172 4154 1235 4217 lepis
1247 4154 1353 4204 doctore

148 4255 227 4302 aeque
240 4255 256 4285 a
269 4238 449 4302 scribiturque
463 4255 479 4286 a
491 4239 570 4287 Phar.
584 4238 674 4301 quoles
685 4239 732 4287 iste
745 4239 833 4303 insuar
845 4238 966 4302 loquitur.

217 4328 242 4374 4.
261 4337 294 4372 1>2
313 4324 442 4386 Respond.
455 4328 538 4372 autem
551 4324 601 4373 Ier.
614 4329 640 4372 et
651 4325 703 4373 dix.
717 4324 751 4373 ad
763 4339 819 4374 eor.-
843 4324 877 4372 Ut
889 4340 929 4388 qu.
943 4326 999 4373 mir.
1013 4326 1106 4374 Eriam
1118 4327 1215 4377 inored.
1228 4351 1236 4361 ·
1250 4328 1352 4390 quaudo

149 4428 193 4461 eoa
204 4412 260 4460 nati
277 4412 339 4460 ertit
354 4414 380 4461 et
390 4414 484 4472 patrer
495 4410 574 4458 vestra·
586 4408 682 4470 (codex
695 4424 711 4458 Δ
726 4411 793 4460 male
806 4410 914 4470 vestros)
935 4435 943 4447 ·
963 4411 1001 4459 at
1013 4427 1066 4458 eam
1083 4412 1214 4461 audissent
1227 4412 1284 4461 lad.
1298 4429 1351 4462 rer-
