2962 4912
139 306 200 369 110
320 305 653 357 Psnunu-un'r'rflnm
674 304 913 354 EVANGELIUM.
942 302 1014 353 CAP.
1035 302 1151 354 xxxxi.

575 556 695 622 (lam
719 557 902 623 XXXXI.

226 731 299 795 ¹Et
326 730 489 795 abierunt
514 731 548 793 in
576 730 749 793 civitatem
772 726 1015 810 Capharnuum
1041 750 1061 793 a
1087 728 1227 793 civitate
1250 745 1342 808 quae

137 842 281 899 voratur
295 832 490 913 Bethleem,
515 840 550 896 et
567 839 640 897 erat
656 831 786 914 loseph
804 853 880 895 oum
896 831 1010 897 Maria
1031 832 1067 895 in
1088 832 1189 898 domo
1208 851 1282 909 sun,
1308 832 1345 890 et

138 935 239 1001 Iesus
265 955 342 1000 oum
367 937 428 1000 eis.
468 936 516 999 Et
540 937 596 1000 die
620 936 768 1018 quadam
789 936 924 1000 vaeavit
943 934 1072 1017 Ioseph
1097 934 1141 999 ad
1168 953 1203 998 se
1230 931 1343 995 filium

138 1060 238 1104 suurn
248 1039 520 1122 primogenitum
530 1039 707 1119 Iacobum,
726 1039 866 1103 etmisit
881 1038 980 1102 illum
998 1039 1033 1101 in
1050 1038 1188 1102 hortum
1205 1034 1342 1099 olerum

138 1149 177 1205 ut
198 1141 381 1221 colligeret
401 1142 497 1206 olera
517 1143 559 1207 ad
583 1142 781 1206 laciendum
804 1141 1031 1223 pulmentum.
1064 1141 1112 1204 Et
1128 1139 1341 1203 subsecutus

133 1251 192 1308 'est
207 1243 308 1309 Iesus
326 1243 493 1308 Iacobum
509 1245 652 1309 fratrem
670 1266 769 1308 suum
790 1245 825 1306 in
844 1244 996 1323 hortum,
1020 1252 1055 1308 et
1070 1242 1135 1307 hoc
1152 1241 1284 1324 Ioseph
1307 1245 1343 1305 et

137 1346 253 1411 Maria
274 1349 486 1412 nescierunt.
523 1347 686 1430 Dumque
709 1347 859 1412 Iacobus
883 1347 1066 1430 colligeret
1089 1347 1198 1426 olera,
1223 1344 1342 1409 subito

143 1451 249 1514 exivit
266 1450 306 1514 de
325 1450 494 1515 foramine
511 1451 630 1533 vipera
653 1457 687 1513 et
703 1451 877 1532 percussit
893 1471 1031 1513 menum
1047 1448 1184 1529 Iacobi,
1208 1455 1243 1512 et
1264 1448 1342 1529 ipse

138 1574 220 1636 prae
245 1553 364 1617 dolore
388 1554 494 1617 nimio
519 1554 635 1636 eoepit
656 1552 816 1617 clamare.
853 1553 901 1617 Et
923 1553 989 1616 iam
1012 1551 1179 1616 deficiens
1200 1549 1346 1615 dicebat

142 1677 218 1719 eum
240 1657 334 1721 vocis
357 1657 604 1721 amaritudine:
636 1656 733 1736 Heu,
757 1656 841 1735 heu,
864 1656 983 1737 ripere
999 1656 1150 1737 pessima
1166 1652 1347 1735 percussit

140 1779 279 1821 menum
295 1780 416 1823 meam.
463 1756 591 1822 ⁹Iesus
607 1778 688 1823 vero
706 1765 802 1823 stans
825 1779 866 1822 ex
887 1757 1031 1823 adverso
1048 1756 1092 1820 ud
1108 1758 1201 1821 vocis
1219 1756 1346 1820 ameri-

139 1859 296 1923 tudinem
320 1860 473 1925 aecurrit
494 1860 538 1925 ad
555 1860 722 1926 Iacobum
745 1867 780 1925 et
794 1862 910 1925 tenuit
926 1881 1064 1924 manum
1082 1860 1173 1939 eius,
1197 1863 1232 1922 et
1252 1856 1347 1921 nihil

140 1961 235 2027 aliud
253 1963 338 2028 fecit
355 1963 415 2028 sed
433 1968 568 2027 tantum
580 1964 727 2029 sufflavit
742 1965 777 2028 in
790 1962 1059 2029 manumlacobi
1077 1968 1111 2026 et
1121 1960 1350 2043 refrigeravit

142 2085 225 2128 eam.
271 2065 319 2130 Et
348 2068 466 2131 statim
490 2067 642 2132 Iacobus
673 2075 815 2133 sanatus
846 2075 914 2148 est,
947 2072 981 2130 et
1013 2086 1156 2147 serpens
1182 2070 1348 2128 mortuus

141 2173 203 2231 est.
235 2167 282 2232 Et
298 2168 426 2250 Ioseph
450 2175 485 2234 et
500 2168 615 2233 Maria
632 2170 724 2250 quod
746 2169 876 2233 factum
895 2175 949 2232 est
968 2168 1192 2250 ignorabant3
1213 2166 1278 2232 sed
1301 2165 1349 2230 ad

141 2268 326 2334 clamorem
351 2271 472 2336 Iueobi
498 2278 532 2335 et
558 2272 600 2337 ad
626 2272 810 2354 imperium
835 2271 918 2336 Iesu
941 2278 1171 2336 cucurrerunt
1196 2271 1239 2335 nd
1268 2271 1351 2334 hor·

141 2377 223 2452 tum,
248 2379 283 2437 et
299 2374 510 2438 invenerunt
527 2381 724 2457 serpentem
741 2381 914 2438 mortuum
931 2374 997 2437 iarn
1017 2382 1051 2437 et
1067 2374 1232 2438 Iacobum
1250 2373 1349 2437 bene

145 2483 314 2540 sanatum.

213 2719 335 2774 XXXXI,
356 2723 379 2767 1.
409 2737 424 2767 a
447 2721 550 2768 ciuitate
571 2736 635 2783 quae
656 2725 762 2769 vocatur
783 2719 926 2768 Bethleem:
952 2720 989 2767 eie
1012 2718 1178 2768 emendanda
1200 2720 1352 2769 ridebatur

147 2806 279 2865 scriptura
293 2804 402 2860 codicis,
416 2806 442 2853 in
458 2821 509 2868 qun
522 2813 565 2854 eet
577 2807 603 2853 iu
616 2806 742 2853 civitatem
757 2805 932 2867 Caplaaruaum
946 2821 1008 2866 puae
1021 2809 1127 2853 uocatur
1136 2804 1277 2854 Bethleem.

216 2887 248 2936 In
262 2888 354 2937 codiee
368 2902 384 2936 n
398 2894 460 2952 poet
474 2890 613 2938 historiam
628 2888 660 2937 de
674 2889 768 2953 hydria
782 2896 960 2952 conquassata
974 2891 1072 2953 legitur
1086 2891 1137 2938 siet

216 2970 224 2999 ¹
244 2975 306 3023 Pori
317 2977 379 3024 haee
396 2980 478 3024 autem
491 2993 544 3023 euru
558 2976 666 3039 quadam
678 2977 719 3024 die
732 2975 840 3024 Iacobus
853 2974 964 3038 ,liphaei
982 2977 1102 3024 intrueret
1114 2978 1214 3025 hortum
1231 2981 1262 3026 ut
1274 2976 1351 3025 olera

146 3060 179 3105 ad
190 3060 335 3119 faciendum
343 3061 499 3124 pulmentum
513 3061 657 3124 colligeret,
674 3062 752 3109 exivit
763 3061 853 3123 uipera
865 3062 896 3108 do
901 3063 1034 3124 foramine
1046 3067 1071 3110 et
1082 3063 1216 3111 momordit
1227 3064 1351 3111 dextram

145 3160 244 3193 manum
257 3146 323 3193 ciue.-
336 3147 378 3209 pui
387 3163 454 3210 prae
466 3148 542 3195 nimio
554 3146 643 3196 dolore
655 3151 680 3196 et
691 3147 863 3195 amaritudine
875 3146 988 3194 elamore
1001 3148 1081 3210 eoepit
1094 3147 1160 3204 Heu,
1177 3149 1238 3196 lieu:
1255 3150 1349 3211 vipera

145 3247 182 3277 me
194 3232 335 3281 momordit.

214 3312 225 3342 ²
242 3316 315 3365 Iemm
323 3333 382 3366 uero
392 3332 423 3365 en
431 3318 539 3367 aduerso
548 3322 620 3367 staur
629 3318 743 3365 cucurrit
756 3318 790 3364 ad
800 3317 918 3365 Iaoohurn
923 3320 1040 3380 fratrem
1048 3334 1131 3374 suum,
1151 3322 1238 3367 tenens
1246 3335 1347 3368 manum

146 3417 216 3450 eriam
228 3403 340 3468 sufflavit
357 3403 382 3449 in
401 3420 443 3460 ea,
462 3408 487 3451 ot
499 3405 616 3452 continuo
629 3418 705 3450 sanun
715 3404 808 3465 sactus
826 3408 877 3459 ert,
897 3420 945 3452 non
958 3405 1066 3451 sentiens
1081 3403 1161 3451 ullum
1173 3403 1302 3463 dolorem,
1322 3411 1347 3454 et

146 3503 249 3550 serpens
259 3492 424 3538 rnortuurert.
448 3489 553 3537 Etcum
566 3492 688 3552 parentes
706 3492 731 3536 et
742 3489 819 3537 vieini
832 3490 1002 3537 cucurrissent
1018 3490 1052 3535 ad
1065 3490 1177 3544 hortum,
1197 3489 1347 3540 invenerunt

146 3577 285 3636 serpentem
296 3578 429 3631 mortuum,
442 3575 468 3622 in
477 3579 556 3638 porte
569 3574 657 3637 aliqua
670 3590 719 3623 non
731 3573 834 3631 lacrum,
848 3578 873 3621 et
886 3574 1003 3622 iacobum
1016 3591 1074 3623 oero
1087 3591 1183 3624 nonum.

204 3642 339 3708 ¹Ceterum
356 3660 520 3709 eonferenda
533 3661 586 3709 ieta
601 3659 713 3708 historin
727 3663 769 3708 ost
784 3674 841 3707 oum
857 3660 938 3708 simili
952 3661 1006 3709 ulie
1019 3676 1112 3723 evang.
1123 3661 1241 3710 Thonme
1252 3663 1345 3712 Latini

148 3745 236 3805 capite
249 3743 318 3792 XIV.
338 3745 453 3803 traditu,
472 3761 549 3808 quem
567 3746 648 3794 etiem
665 3758 683 3793 1³
703 3745 793 3808 capito
806 3744 858 3792 xl.
877 3746 1001 3808 praehet,
1021 3746 1092 3809 qnod
1109 3747 1269 3810 inscriptum
1289 3754 1345 3796 θυῖε

151 3828 278 3890 Quomodo
290 3830 363 3878 Irrue
374 3831 476 3879 sanauit
487 3831 579 3894 Ioseph
592 3848 608 3878 a
619 3847 711 3879 veneno
724 3831 834 3893 viperae.

216 3913 412 3978 Descripsimun
426 3915 547 3973 XXXXI,
565 3920 588 3965 2.
608 3917 689 3966 etiem
705 3932 736 3967 ex
749 3932 780 3966 eo
793 3917 884 3966 codiee
898 3917 1068 3968 Morineensi.
1088 3933 1166 3980 quem
1185 3919 1217 3967 nd
1236 3920 1346 3970 initium

149 4000 226 4048 huius
239 4000 373 4065 evangelii
386 4001 564 4051 adhibuimus.
587 4001 698 4067 Legitur
710 4003 747 4052 ibi
759 4003 811 4051 eie:
832 4003 903 4051 lenus
915 4019 972 4050 nero
985 4019 1016 4050 ex
1028 4004 1134 4052 annu>
1146 4009 1218 4052 etone
1231 4006 1265 4052 ad
1279 4007 1348 4054 roi-ir

148 4085 342 4133 amaritudinem
355 4089 469 4136 aoourrit
479 4089 513 4137 ad
526 4089 645 4137 Iacobum
656 4093 681 4138 et
694 4089 774 4137 tenuit
785 4105 883 4136 manum
895 4089 961 4145 eius,
979 4095 1003 4137 et
1016 4089 1080 4137 nidit
1091 4089 1239 4153 aliudfecit
1251 4092 1296 4138 red
1310 4093 1346 4138 in·

139 4171 260 4234 sufflavit
274 4170 299 4218 in
311 4187 410 4221 manum
422 4173 476 4221 Iar.
495 4177 521 4221 et
532 4175 623 4237 refrip.
637 4190 691 4223 eam
704 4198 713 4208 -
726 4179 751 4223 et
763 4175 892 4237 imperium
905 4174 964 4222 Ieru
976 4180 1142 4224 rueurrerunt
1158 4178 1192 4224 ad
1204 4177 1305 4225 tortum
1322 4182 1348 4226 et

148 4257 197 4303 ino.
210 4271 277 4318 nerp.
291 4257 341 4305 iam
352 4263 475 4306 mortuum
487 4264 512 4307 et
524 4260 609 4307 Iaeol.
622 4263 746 4307 nonatum.
771 4257 872 4315 Quibus
887 4259 973 4307 uerbis
993 4261 1048 4307 exit
1065 4261 1102 4308 ibi
1116 4262 1224 4310 libellus
1242 4261 1348 4311 additi·

149 4350 254 4390 tantum
268 4342 324 4390 hin:
349 4344 408 4406 Ipse
420 4343 492 4392 Irrue
505 4344 619 4393 Oirirtur
631 4345 674 4408 qui
685 4360 739 4392 eum
750 4345 851 4392 sanauit
863 4349 936 4392 sanet
948 4360 992 4392 nor
1005 4362 1020 4392 a
1031 4348 1151 4408 percatie,
1170 4349 1213 4411 qui
1224 4351 1262 4396 ent
1274 4348 1348 4396 hene·

148 4427 232 4476 dietus
243 4428 270 4476 in
282 4430 368 4478 secuta
379 4430 527 4488 semiorum,
546 4432 634 4480 Amen.
