<?xml version="1.0" encoding="UTF-8"?>
<!DOCTYPE html PUBLIC "-//W3C//DTD XHTML 1.0 Transitional//EN"
    "http://www.w3.org/TR/xhtml1/DTD/xhtml1-transitional.dtd">
<html xmlns="http://www.w3.org/1999/xhtml" xml:lang="en" lang="en">
 <head>
  <title>
</title>
<meta http-equiv="Content-Type" content="text/html;charset=utf-8" />
  <meta name='ocr-system' content='tesseract 3.04.00' />
  <meta name='ocr-capabilities' content='ocr_page ocr_carea ocr_par ocr_line ocrx_word'/>
</head>
<body>
  <div class='ocr_page' id='page_1' title='image "./evangeliaapocry00tiscgoog_0030.png"; bbox 0 0 2962 4912; ppageno 0'>
   <div class='ocr_carea' id='block_1_1' title="bbox 590 351 1328 421">
    <p class='ocr_par' dir='ltr' id='par_1_1' title="bbox 590 351 1328 421">
     <span class='ocr_line' id='line_1_1' title="bbox 590 351 1328 421; baseline 0 -21"><span class='ocrx_word' id='word_1_1' title='bbox 590 351 861 403; x_wconf 73' lang='lat' dir='ltr'><strong>ssosaoouuss.</strong></span> <span class='ocrx_word' id='word_1_2' title='bbox 1254 372 1328 421; x_wconf 67' lang='lat' dir='ltr'><strong>n,</strong></span> 
     </span>
    </p>
   </div>
   <div class='ocr_carea' id='block_1_2' title="bbox 118 497 1330 1366">
    <p class='ocr_par' dir='ltr' id='par_1_2' title="bbox 118 497 1330 1366">
     <span class='ocr_line' id='line_1_2' title="bbox 118 497 1328 589; baseline 0.008 -27"><span class='ocrx_word' id='word_1_3' title='bbox 118 497 260 579; x_wconf 84' lang='lat' dir='ltr'><strong>ficatio,</strong></span> <span class='ocrx_word' id='word_1_4' title='bbox 294 519 393 583; x_wconf 87' lang='lat' dir='ltr'><strong>quam</strong></span> <span class='ocrx_word' id='word_1_5' title='bbox 422 497 522 565; x_wconf 79' lang='lat' dir='ltr'><strong>&#39;Philo</strong></span> <span class='ocrx_word' id='word_1_6' title='bbox 556 502 626 566; x_wconf 89' lang='lat' dir='ltr'><strong>iure</strong></span> <span class='ocrx_word' id='word_1_7' title='bbox 660 506 795 584; x_wconf 85' lang='lat' dir='ltr'><strong>questus</strong></span> <span class='ocrx_word' id='word_1_8' title='bbox 826 507 893 582; x_wconf 87' lang='lat' dir='ltr'><strong>est,</strong></span> <span class='ocrx_word' id='word_1_9' title='bbox 929 522 995 566; x_wconf 90' lang='lat' dir='ltr'><strong>non</strong></span> <span class='ocrx_word' id='word_1_10' title='bbox 1024 503 1197 584; x_wconf 86' lang='lat' dir='ltr'><strong>probanda</strong></span> <span class='ocrx_word' id='word_1_11' title='bbox 1228 512 1328 589; x_wconf 80' lang='lat' dir='ltr'><strong>gustu</strong></span> 
     </span>
     <span class='ocr_line' id='line_1_3' title="bbox 118 611 1330 699; baseline 0.009 -26"><span class='ocrx_word' id='word_1_12' title='bbox 118 618 257 693; x_wconf 88' lang='lat' dir='ltr'><strong>nostro,</strong></span> <span class='ocrx_word' id='word_1_13' title='bbox 286 611 344 677; x_wconf 89' lang='lat' dir='ltr'><strong>sed</strong></span> <span class='ocrx_word' id='word_1_14' title='bbox 370 612 503 678; x_wconf 85' lang='lat' dir='ltr'><strong>minima</strong></span> <span class='ocrx_word' id='word_1_15' title='bbox 530 613 771 678; x_wconf 85' lang='lat' dir='ltr'><strong>contemnenda</strong></span> <span class='ocrx_word' id='word_1_16' title='bbox 800 619 851 679; x_wconf 83' lang='lat' dir='ltr'><strong>ast</strong></span> <span class='ocrx_word' id='word_1_17' title='bbox 874 619 1052 696; x_wconf 82' lang='lat' dir='ltr'><strong>propterea</strong></span> <span class='ocrx_word' id='word_1_18' title='bbox 1075 616 1162 697; x_wconf 86' lang='lat' dir='ltr'><strong>quod</strong></span> <span class='ocrx_word' id='word_1_19' title='bbox 1184 619 1330 699; x_wconf 76' lang='lat' dir='ltr'>pertinet</span> 
     </span>
     <span class='ocr_line' id='line_1_4' title="bbox 120 723 1328 810; baseline 0.006 -23"><span class='ocrx_word' id='word_1_20' title='bbox 120 723 172 787; x_wconf 84' lang='lat' dir='ltr'><strong>ad</strong></span> <span class='ocrx_word' id='word_1_21' title='bbox 200 723 464 807; x_wconf 79' lang='lat' dir='ltr'><strong>cognoscendum</strong></span> <span class='ocrx_word' id='word_1_22' title='bbox 489 724 659 807; x_wconf 83' lang='lat' dir='ltr'><strong>ingenium</strong></span> <span class='ocrx_word' id='word_1_23' title='bbox 685 731 872 808; x_wconf 87' lang='lat' dir='ltr'><strong>temporum</strong></span> <span class='ocrx_word' id='word_1_24' title='bbox 899 746 1012 793; x_wconf 84' lang='lat' dir='ltr'><strong>sorum</strong></span> <span class='ocrx_word' id='word_1_25' title='bbox 1041 727 1161 810; x_wconf 90' lang='lat' dir='ltr'><strong>quibus</strong></span> <span class='ocrx_word' id='word_1_26' title='bbox 1190 727 1328 794; x_wconf 86' lang='lat' dir='ltr'><strong>debetur</strong></span> 
     </span>
     <span class='ocr_line' id='line_1_5' title="bbox 121 835 1329 919; baseline 0.007 -21"><span class='ocrx_word' id='word_1_27' title='bbox 121 841 232 919; x_wconf 83' lang='lat' dir='ltr'><strong>atque</strong></span> <span class='ocrx_word' id='word_1_28' title='bbox 252 836 393 918; x_wconf 78' lang='lat' dir='ltr'>placuit,</span> <span class='ocrx_word' id='word_1_29' title='bbox 417 837 484 901; x_wconf 88' lang='lat' dir='ltr'><strong>siva</strong></span> <span class='ocrx_word' id='word_1_30' title='bbox 507 835 549 901; x_wconf 90' lang='lat' dir='ltr'><strong>ab</strong></span> <span class='ocrx_word' id='word_1_31' title='bbox 572 836 654 919; x_wconf 90' lang='lat' dir='ltr'><strong>ipsis</strong></span> <span class='ocrx_word' id='word_1_32' title='bbox 676 837 828 919; x_wconf 84' lang='lat' dir='ltr'><strong>profecta</strong></span> <span class='ocrx_word' id='word_1_33' title='bbox 851 837 896 901; x_wconf 83' lang='lat' dir='ltr'><strong>sii</strong></span> <span class='ocrx_word' id='word_1_34' title='bbox 916 836 1047 902; x_wconf 84' lang='lat' dir='ltr'><strong>Latinis</strong></span> <span class='ocrx_word' id='word_1_35' title='bbox 1070 839 1138 903; x_wconf 82' lang='lat' dir='ltr'><strong>sivo</strong></span> <span class='ocrx_word' id='word_1_36' title='bbox 1162 860 1202 903; x_wconf 86' lang='lat' dir='ltr'><strong>ex</strong></span> <span class='ocrx_word' id='word_1_37' title='bbox 1224 840 1329 906; x_wconf 86' lang='lat' dir='ltr'><strong>orion-</strong></span> 
     </span>
     <span class='ocr_line' id='line_1_6' title="bbox 121 947 1330 1033; baseline 0.006 -23"><span class='ocrx_word' id='word_1_38' title='bbox 121 947 253 1012; x_wconf 78' lang='lat' dir='ltr'><strong>talibus</strong></span> <span class='ocrx_word' id='word_1_39' title='bbox 275 947 371 1013; x_wconf 88' lang='lat' dir='ltr'><strong>libris</strong></span> <span class='ocrx_word' id='word_1_40' title='bbox 392 947 534 1027; x_wconf 76' lang='lat' dir='ltr'><strong>fluxerit,</strong></span> <span class='ocrx_word' id='word_1_41' title='bbox 557 954 591 1013; x_wconf 82' lang='lat' dir='ltr'><strong>et</strong></span> <span class='ocrx_word' id='word_1_42' title='bbox 613 948 700 1031; x_wconf 94' lang='lat' dir='ltr'><strong>quod</strong></span> <span class='ocrx_word' id='word_1_43' title='bbox 722 947 882 1014; x_wconf 89' lang='lat' dir='ltr'><strong>nonnulla</strong></span> <span class='ocrx_word' id='word_1_44' title='bbox 904 948 1006 1014; x_wconf 86' lang='lat' dir='ltr'><strong>latina</strong></span> <span class='ocrx_word' id='word_1_45' title='bbox 1029 949 1181 1033; x_wconf 86' lang='lat' dir='ltr'><strong>supplere</strong></span> <span class='ocrx_word' id='word_1_46' title='bbox 1198 951 1330 1017; x_wconf 82' lang='lat' dir='ltr'><strong>videtur</strong></span> 
     </span>
     <span class='ocr_line' id='line_1_7' title="bbox 123 1058 1329 1143; baseline 0.004 -20"><span class='ocrx_word' id='word_1_47' title='bbox 123 1079 217 1140; x_wconf 84' lang='lat' dir='ltr'><strong>quae</strong></span> <span class='ocrx_word' id='word_1_48' title='bbox 239 1079 358 1141; x_wconf 76' lang='lat' dir='ltr'><strong>graaoe</strong></span> <span class='ocrx_word' id='word_1_49' title='bbox 381 1059 506 1141; x_wconf 82' lang='lat' dir='ltr'><strong>scripta</strong></span> <span class='ocrx_word' id='word_1_50' title='bbox 527 1061 707 1142; x_wconf 85' lang='lat' dir='ltr'><strong>perierunt.</strong></span> <span class='ocrx_word' id='word_1_51' title='bbox 743 1058 845 1140; x_wconf 83' lang='lat' dir='ltr'><strong>Valet</strong></span> <span class='ocrx_word' id='word_1_52' title='bbox 867 1059 902 1124; x_wconf 87' lang='lat' dir='ltr'><strong>id</strong></span> <span class='ocrx_word' id='word_1_53' title='bbox 919 1059 1008 1143; x_wconf 89' lang='lat' dir='ltr'><strong>quod</strong></span> <span class='ocrx_word' id='word_1_54' title='bbox 1030 1061 1147 1126; x_wconf 90' lang='lat' dir='ltr'><strong>ultimo</strong></span> <span class='ocrx_word' id='word_1_55' title='bbox 1170 1062 1243 1127; x_wconf 88' lang='lat' dir='ltr'><strong>loeo</strong></span> <span class='ocrx_word' id='word_1_56' title='bbox 1262 1063 1329 1128; x_wconf 86' lang='lat' dir='ltr'><strong>dixi</strong></span> 
     </span>
     <span class='ocr_line' id='line_1_8' title="bbox 123 1170 1330 1255; baseline 0.004 -21"><span class='ocrx_word' id='word_1_57' title='bbox 123 1172 163 1234; x_wconf 89' lang='lat' dir='ltr'><strong>in</strong></span> <span class='ocrx_word' id='word_1_58' title='bbox 191 1191 248 1236; x_wconf 84' lang='lat' dir='ltr'><strong>aas</strong></span> <span class='ocrx_word' id='word_1_59' title='bbox 279 1171 421 1236; x_wconf 84' lang='lat' dir='ltr'><strong>maxima</strong></span> <span class='ocrx_word' id='word_1_60' title='bbox 452 1170 582 1236; x_wconf 87' lang='lat' dir='ltr'><strong>fabulas</strong></span> <span class='ocrx_word' id='word_1_61' title='bbox 612 1192 697 1255; x_wconf 90' lang='lat' dir='ltr'><strong>quae</strong></span> <span class='ocrx_word' id='word_1_62' title='bbox 725 1192 764 1236; x_wconf 86' lang='lat' dir='ltr'><strong>ex</strong></span> <span class='ocrx_word' id='word_1_63' title='bbox 796 1172 965 1254; x_wconf 80' lang='lat' dir='ltr'><strong>evangelio</strong></span> <span class='ocrx_word' id='word_1_64' title='bbox 988 1170 1135 1238; x_wconf 78' lang='lat' dir='ltr'><strong>Thomas</strong></span> <span class='ocrx_word' id='word_1_65' title='bbox 1158 1172 1330 1240; x_wconf 81' lang='lat' dir='ltr'><strong>desumtaa</strong></span> 
     </span>
     <span class='ocr_line' id='line_1_9' title="bbox 123 1283 1115 1366; baseline 0 -19"><span class='ocrx_word' id='word_1_66' title='bbox 123 1283 290 1363; x_wconf 81' lang='lat' dir='ltr'><strong>videntur,</strong></span> <span class='ocrx_word' id='word_1_67' title='bbox 313 1283 406 1347; x_wconf 90' lang='lat' dir='ltr'><strong>ouius</strong></span> <span class='ocrx_word' id='word_1_68' title='bbox 428 1304 545 1366; x_wconf 81' lang='lat' dir='ltr'><strong>graeca</strong></span> <span class='ocrx_word' id='word_1_69' title='bbox 567 1283 754 1366; x_wconf 83' lang='lat' dir='ltr'><strong>fragmenta</strong></span> <span class='ocrx_word' id='word_1_70' title='bbox 775 1287 906 1348; x_wconf 84' lang='lat' dir='ltr'><strong>tantum</strong></span> <span class='ocrx_word' id='word_1_71' title='bbox 930 1290 1115 1366; x_wconf 81' lang='lat' dir='ltr'><strong>supersunt.</strong></span> 
     </span>
    </p>
   </div>
   <div class='ocr_carea' id='block_1_3' title="bbox 117 1419 1334 4401">
    <p class='ocr_par' dir='ltr' id='par_1_3' title="bbox 117 1419 1334 4401">
     <span class='ocr_line' id='line_1_10' title="bbox 216 1419 1330 1505; baseline 0.001 -19"><span class='ocrx_word' id='word_1_72' title='bbox 216 1421 396 1486; x_wconf 86' lang='lat' dir='ltr'><strong>Praeterea</strong></span> <span class='ocrx_word' id='word_1_73' title='bbox 422 1419 559 1486; x_wconf 91' lang='lat' dir='ltr'><strong>dubium</strong></span> <span class='ocrx_word' id='word_1_74' title='bbox 587 1442 654 1486; x_wconf 91' lang='lat' dir='ltr'><strong>non</strong></span> <span class='ocrx_word' id='word_1_75' title='bbox 685 1426 736 1487; x_wconf 86' lang='lat' dir='ltr'><strong>ast</strong></span> <span class='ocrx_word' id='word_1_76' title='bbox 763 1422 844 1505; x_wconf 92' lang='lat' dir='ltr'><strong>quin</strong></span> <span class='ocrx_word' id='word_1_77' title='bbox 867 1420 1050 1489; x_wconf 81' lang='lat' dir='ltr'><strong>Vaticanus</strong></span> <span class='ocrx_word' id='word_1_78' title='bbox 1078 1427 1188 1487; x_wconf 81' lang='lat' dir='ltr'><strong>textus</strong></span> <span class='ocrx_word' id='word_1_79' title='bbox 1216 1429 1330 1488; x_wconf 84' lang='lat' dir='ltr'><strong>noster</strong></span> 
     </span>
     <span class='ocr_line' id='line_1_11' title="bbox 126 1531 1331 1617; baseline 0.002 -21"><span class='ocrx_word' id='word_1_80' title='bbox 126 1531 235 1598; x_wconf 89' lang='lat' dir='ltr'><strong>multo</strong></span> <span class='ocrx_word' id='word_1_81' title='bbox 263 1538 411 1616; x_wconf 84' lang='lat' dir='ltr'><strong>praestet</strong></span> <span class='ocrx_word' id='word_1_82' title='bbox 432 1532 539 1598; x_wconf 82' lang='lat' dir='ltr'><strong>codici</strong></span> <span class='ocrx_word' id='word_1_83' title='bbox 562 1531 714 1598; x_wconf 79' lang='lat' dir='ltr'><strong>&#39;Philonis</strong></span> <span class='ocrx_word' id='word_1_84' title='bbox 736 1532 921 1597; x_wconf 86' lang='lat' dir='ltr'><strong>Parisiensi</strong></span> <span class='ocrx_word' id='word_1_85' title='bbox 943 1554 1002 1615; x_wconf 90' lang='lat' dir='ltr'><strong>per</strong></span> <span class='ocrx_word' id='word_1_86' title='bbox 1024 1534 1136 1616; x_wconf 87' lang='lat' dir='ltr'><strong>priora</strong></span> <span class='ocrx_word' id='word_1_87' title='bbox 1159 1555 1198 1598; x_wconf 86' lang='lat' dir='ltr'><strong>aa</strong></span> <span class='ocrx_word' id='word_1_88' title='bbox 1220 1534 1331 1617; x_wconf 83' lang='lat' dir='ltr'><strong>capita</strong></span> 
     </span>
     <span class='ocr_line' id='line_1_12' title="bbox 125 1642 1331 1729; baseline 0.002 -21"><span class='ocrx_word' id='word_1_89' title='bbox 125 1665 215 1727; x_wconf 85' lang='lat' dir='ltr'><strong>quae</strong></span> <span class='ocrx_word' id='word_1_90' title='bbox 242 1645 271 1708; x_wconf 94' lang='lat' dir='ltr'><strong>is</strong></span> <span class='ocrx_word' id='word_1_91' title='bbox 301 1644 372 1709; x_wconf 86' lang='lat' dir='ltr'><strong>sola</strong></span> <span class='ocrx_word' id='word_1_92' title='bbox 399 1643 516 1708; x_wconf 85' lang='lat' dir='ltr'><strong>habet:</strong></span> <span class='ocrx_word' id='word_1_93' title='bbox 547 1643 612 1708; x_wconf 89' lang='lat' dir='ltr'><strong>nisi</strong></span> <span class='ocrx_word' id='word_1_94' title='bbox 639 1643 727 1729; x_wconf 86' lang='lat' dir='ltr'><strong>quod</strong></span> <span class='ocrx_word' id='word_1_95' title='bbox 755 1644 965 1710; x_wconf 88' lang='lat' dir='ltr'><strong>doctissimus</strong></span> <span class='ocrx_word' id='word_1_96' title='bbox 997 1642 1104 1709; x_wconf 86' lang='lat' dir='ltr'><strong>editor</strong></span> <span class='ocrx_word' id='word_1_97' title='bbox 1136 1645 1260 1727; x_wconf 89' lang='lat' dir='ltr'><strong>passim</strong></span> <span class='ocrx_word' id='word_1_98' title='bbox 1287 1643 1331 1711; x_wconf 89' lang='lat' dir='ltr'><strong>le-</strong></span> 
     </span>
     <span class='ocr_line' id='line_1_13' title="bbox 127 1753 1331 1839; baseline 0.002 -19"><span class='ocrx_word' id='word_1_99' title='bbox 127 1755 235 1838; x_wconf 84' lang='lat' dir='ltr'><strong>gendo</strong></span> <span class='ocrx_word' id='word_1_100' title='bbox 262 1753 391 1819; x_wconf 79' lang='lat' dir='ltr'><strong>videtur</strong></span> <span class='ocrx_word' id='word_1_101' title='bbox 418 1754 522 1820; x_wconf 82' lang='lat' dir='ltr'><strong>falsus</strong></span> <span class='ocrx_word' id='word_1_102' title='bbox 551 1776 631 1819; x_wconf 89' lang='lat' dir='ltr'><strong>esse.</strong></span> <span class='ocrx_word' id='word_1_103' title='bbox 682 1755 731 1821; x_wconf 83' lang='lat' dir='ltr'><strong>Os.</strong></span> <span class='ocrx_word' id='word_1_104' title='bbox 755 1755 895 1839; x_wconf 84' lang='lat' dir='ltr'><strong>exempli</strong></span> <span class='ocrx_word' id='word_1_105' title='bbox 924 1777 1041 1820; x_wconf 83' lang='lat' dir='ltr'><strong>caussa</strong></span> <span class='ocrx_word' id='word_1_106' title='bbox 1069 1776 1140 1838; x_wconf 86' lang='lat' dir='ltr'><strong>cap.</strong></span> <span class='ocrx_word' id='word_1_107' title='bbox 1163 1755 1243 1823; x_wconf 87' lang='lat' dir='ltr'>VII.</span> <span class='ocrx_word' id='word_1_108' title='bbox 1273 1757 1331 1822; x_wconf 90' lang='lat' dir='ltr'><strong>ubi</strong></span> 
     </span>
     <span class='ocr_line' id='line_1_14' title="bbox 125 1865 1331 1950; baseline 0.003 -19"><span class='ocrx_word' id='word_1_109' title='bbox 125 1865 227 1931; x_wconf 74' lang='lat' dir='ltr'><strong>&#39;l&#39;hilo</strong></span> <span class='ocrx_word' id='word_1_110' title='bbox 250 1865 351 1930; x_wconf 82' lang='lat' dir='ltr'><strong>habet</strong></span> <span class='ocrx_word' id='word_1_111' title='bbox 373 1868 444 1929; x_wconf 75' lang='lat' dir='ltr'><strong>detis</strong></span> <span class='ocrx_word' id='word_1_112' title='bbox 466 1891 486 1930; x_wconf 94' lang='lat' dir='ltr'><strong>a</strong></span> <span class='ocrx_word' id='word_1_113' title='bbox 505 1867 587 1950; x_wconf 81' lang='lat' dir='ltr'><strong>filiis</strong></span> <span class='ocrx_word' id='word_1_114' title='bbox 608 1868 733 1941; x_wconf 65' lang='lat' dir='ltr'><strong>coliium</strong></span> <span class='ocrx_word' id='word_1_115' title='bbox 764 1888 823 1931; x_wconf 90' lang='lat' dir='ltr'><strong>nos</strong></span> <span class='ocrx_word' id='word_1_116' title='bbox 846 1869 918 1930; x_wconf 73' lang='lat' dir='ltr'><strong>detis</strong></span> <span class='ocrx_word' id='word_1_117' title='bbox 941 1871 972 1930; x_wconf 90' lang='lat' dir='ltr'><strong>in</strong></span> <span class='ocrx_word' id='word_1_118' title='bbox 990 1867 1073 1948; x_wconf 84' lang='lat' dir='ltr'><strong>filiis</strong></span> <span class='ocrx_word' id='word_1_119' title='bbox 1101 1869 1217 1931; x_wconf 85' lang='lat' dir='ltr'><strong>colitur.</strong></span> <span class='ocrx_word' id='word_1_120' title='bbox 1263 1867 1331 1934; x_wconf 89' lang='lat' dir='ltr'><strong>Ibi-</strong></span> 
     </span>
     <span class='ocr_line' id='line_1_15' title="bbox 125 1976 1330 2063; baseline 0.004 -22"><span class='ocrx_word' id='word_1_121' title='bbox 125 1977 202 2042; x_wconf 86' lang='lat' dir='ltr'><strong>dem</strong></span> <span class='ocrx_word' id='word_1_122' title='bbox 217 1976 316 2042; x_wconf 78' lang='lat' dir='ltr'><strong>&#39;Philo</strong></span> <span class='ocrx_word' id='word_1_123' title='bbox 332 1980 420 2041; x_wconf 86' lang='lat' dir='ltr'><strong>Deus</strong></span> <span class='ocrx_word' id='word_1_124' title='bbox 442 1983 578 2042; x_wconf 82' lang='lat' dir='ltr'><strong>castitate</strong></span> <span class='ocrx_word' id='word_1_125' title='bbox 593 1982 698 2063; x_wconf 86' lang='lat' dir='ltr'><strong>primo</strong></span> <span class='ocrx_word' id='word_1_126' title='bbox 721 1982 854 2042; x_wconf 88' lang='lat' dir='ltr'><strong>omnium</strong></span> <span class='ocrx_word' id='word_1_127' title='bbox 871 1980 1024 2063; x_wconf 81' lang='lat' dir='ltr'><strong>probatur</strong></span> <span class='ocrx_word' id='word_1_128' title='bbox 1046 1991 1102 2043; x_wconf 88' lang='lat' dir='ltr'><strong>aut</strong></span> <span class='ocrx_word' id='word_1_129' title='bbox 1122 1981 1248 2056; x_wconf 86' lang='lat' dir='ltr'><strong>colitur;</strong></span> <span class='ocrx_word' id='word_1_130' title='bbox 1271 2001 1330 2046; x_wconf 87' lang='lat' dir='ltr'><strong>nos</strong></span> 
     </span>
     <span class='ocr_line' id='line_1_16' title="bbox 125 2088 1331 2174; baseline 0 -22"><span class='ocrx_word' id='word_1_131' title='bbox 125 2090 215 2153; x_wconf 81' lang='lat' dir='ltr'><strong>Deus</strong></span> <span class='ocrx_word' id='word_1_132' title='bbox 238 2093 269 2152; x_wconf 91' lang='lat' dir='ltr'><strong>in</strong></span> <span class='ocrx_word' id='word_1_133' title='bbox 292 2094 428 2153; x_wconf 84' lang='lat' dir='ltr'><strong>castitate</strong></span> <span class='ocrx_word' id='word_1_134' title='bbox 450 2090 566 2170; x_wconf 75' lang='lat' dir='ltr'><strong>colina,</strong></span> <span class='ocrx_word' id='word_1_135' title='bbox 589 2101 625 2153; x_wconf 93' lang='lat' dir='ltr'><strong>ut</strong></span> <span class='ocrx_word' id='word_1_136' title='bbox 639 2094 742 2174; x_wconf 84' lang='lat' dir='ltr'><strong>primo</strong></span> <span class='ocrx_word' id='word_1_137' title='bbox 767 2094 899 2153; x_wconf 85' lang='lat' dir='ltr'><strong>omnium</strong></span> <span class='ocrx_word' id='word_1_138' title='bbox 922 2092 1152 2174; x_wconf 81' lang='lat' dir='ltr'><strong>comprobatur:</strong></span> <span class='ocrx_word' id='word_1_139' title='bbox 1177 2088 1279 2173; x_wconf 89' lang='lat' dir='ltr'>VHI,</span> <span class='ocrx_word' id='word_1_140' title='bbox 1302 2091 1331 2154; x_wconf 89' lang='lat'><strong>3.</strong></span> 
     </span>
     <span class='ocr_line' id='line_1_17' title="bbox 123 2199 1332 2287; baseline 0.001 -22"><span class='ocrx_word' id='word_1_141' title='bbox 123 2199 226 2265; x_wconf 76' lang='lat' dir='ltr'><strong>&#39;l&#39;hilo</strong></span> <span class='ocrx_word' id='word_1_142' title='bbox 250 2199 384 2286; x_wconf 66' lang='lat' dir='ltr'><strong>&amp;imque</strong></span> <span class='ocrx_word' id='word_1_143' title='bbox 410 2212 563 2286; x_wconf 73' lang='lat' dir='ltr'><strong>eroqasset</strong></span> <span class='ocrx_word' id='word_1_144' title='bbox 587 2203 723 2286; x_wconf 72' lang='lat' dir='ltr'><strong>sinqulas</strong></span> <span class='ocrx_word' id='word_1_145' title='bbox 749 2202 794 2265; x_wconf 85' lang='lat' dir='ltr'><strong>ad</strong></span> <span class='ocrx_word' id='word_1_146' title='bbox 813 2205 873 2264; x_wconf 78' lang='lat' dir='ltr'><strong>tria</strong></span> <span class='ocrx_word' id='word_1_147' title='bbox 896 2201 992 2264; x_wconf 86' lang='lat' dir='ltr'><strong>millia</strong></span> <span class='ocrx_word' id='word_1_148' title='bbox 1014 2205 1119 2287; x_wconf 72' lang='lat' dir='ltr'><strong>oirqas</strong></span> <span class='ocrx_word' id='word_1_149' title='bbox 1140 2213 1170 2265; x_wconf 92' lang='lat' dir='ltr'><strong>et</strong></span> <span class='ocrx_word' id='word_1_150' title='bbox 1190 2227 1225 2264; x_wconf 81' lang='lat' dir='ltr'><strong>ea</strong></span> <span class='ocrx_word' id='word_1_151' title='bbox 1247 2203 1332 2266; x_wconf 87' lang='lat' dir='ltr'><strong>nulla</strong></span> 
     </span>
     <span class='ocr_line' id='line_1_18' title="bbox 122 2312 1332 2399; baseline 0.003 -25"><span class='ocrx_word' id='word_1_152' title='bbox 122 2335 233 2374; x_wconf 82' lang='lat' dir='ltr'><strong>earum</strong></span> <span class='ocrx_word' id='word_1_153' title='bbox 256 2315 374 2375; x_wconf 74' lang='lat' dir='ltr'><strong>exiisset</strong></span> <span class='ocrx_word' id='word_1_154' title='bbox 393 2313 547 2375; x_wconf 83' lang='lat' dir='ltr'><strong>columba:</strong></span> <span class='ocrx_word' id='word_1_155' title='bbox 569 2333 631 2377; x_wconf 91' lang='lat' dir='ltr'><strong>nos</strong></span> <span class='ocrx_word' id='word_1_156' title='bbox 655 2312 789 2399; x_wconf 64' lang='lat' dir='ltr'><strong>&amp;umque</strong></span> <span class='ocrx_word' id='word_1_157' title='bbox 810 2314 937 2399; x_wconf 75' lang='lat' dir='ltr'><strong>sinqulis</strong></span> <span class='ocrx_word' id='word_1_158' title='bbox 958 2325 1118 2398; x_wconf 73' lang='lat' dir='ltr'><strong>eroqasset,</strong></span> <span class='ocrx_word' id='word_1_159' title='bbox 1142 2325 1171 2377; x_wconf 90' lang='lat' dir='ltr'><strong>et</strong></span> <span class='ocrx_word' id='word_1_160' title='bbox 1190 2337 1226 2375; x_wconf 73' lang='lat' dir='ltr'><strong>ea</strong></span> <span class='ocrx_word' id='word_1_161' title='bbox 1248 2314 1332 2378; x_wconf 86' lang='lat' dir='ltr'><strong>nulla</strong></span> 
     </span>
     <span class='ocr_line' id='line_1_19' title="bbox 121 2422 1332 2510; baseline 0.006 -25"><span class='ocrx_word' id='word_1_162' title='bbox 121 2428 217 2509; x_wconf 72' lang='lat' dir='ltr'><strong>virqa</strong></span> <span class='ocrx_word' id='word_1_163' title='bbox 240 2427 348 2487; x_wconf 72' lang='lat' dir='ltr'><strong>exisset</strong></span> <span class='ocrx_word' id='word_1_164' title='bbox 368 2424 522 2487; x_wconf 82' lang='lat' dir='ltr'><strong>columba:</strong></span> <span class='ocrx_word' id='word_1_165' title='bbox 553 2422 661 2506; x_wconf 81' lang='lat' dir='ltr'>VIII,</span> <span class='ocrx_word' id='word_1_166' title='bbox 685 2426 713 2488; x_wconf 80' lang='lat'><strong>4.</strong></span> <span class='ocrx_word' id='word_1_167' title='bbox 745 2422 842 2489; x_wconf 80' lang='lat' dir='ltr'><strong>Thilo</strong></span> <span class='ocrx_word' id='word_1_168' title='bbox 865 2424 935 2510; x_wconf 70' lang='lat' dir='ltr'><strong>Eoo</strong></span> <span class='ocrx_word' id='word_1_169' title='bbox 957 2425 1074 2509; x_wconf 83' lang='lat' dir='ltr'><strong>quidem</strong></span> <span class='ocrx_word' id='word_1_170' title='bbox 1097 2448 1157 2488; x_wconf 91' lang='lat' dir='ltr'><strong>non</strong></span> <span class='ocrx_word' id='word_1_171' title='bbox 1180 2435 1332 2493; x_wconf 76' lang='lat' dir='ltr'><em>contemno</em></span> 
     </span>
     <span class='ocr_line' id='line_1_20' title="bbox 122 2536 1332 2622; baseline 0.002 -25"><span class='ocrx_word' id='word_1_172' title='bbox 122 2536 309 2600; x_wconf 82' lang='lat' dir='ltr'><strong>uoluntatem</strong></span> <span class='ocrx_word' id='word_1_173' title='bbox 332 2537 392 2615; x_wconf 81' lang='lat' dir='ltr'><strong>dei,</strong></span> <span class='ocrx_word' id='word_1_174' title='bbox 420 2539 448 2598; x_wconf 87' lang='lat' dir='ltr'><strong>si</strong></span> <span class='ocrx_word' id='word_1_175' title='bbox 469 2558 645 2621; x_wconf 79' lang='lat' dir='ltr'><strong>eoqnoseere</strong></span> <span class='ocrx_word' id='word_1_176' title='bbox 662 2540 778 2621; x_wconf 82' lang='lat' dir='ltr'><strong>possim</strong></span> <span class='ocrx_word' id='word_1_177' title='bbox 801 2540 884 2621; x_wconf 84' lang='lat' dir='ltr'><strong>quis;</strong></span> <span class='ocrx_word' id='word_1_178' title='bbox 914 2557 974 2600; x_wconf 91' lang='lat' dir='ltr'><strong>nos</strong></span> <span class='ocrx_word' id='word_1_179' title='bbox 996 2536 1066 2621; x_wconf 61' lang='lat' dir='ltr'><strong>qu</strong></span> <span class='ocrx_word' id='word_1_180' title='bbox 1088 2538 1205 2622; x_wconf 82' lang='lat' dir='ltr'><strong>quidem</strong></span> <span class='ocrx_word' id='word_1_181' title='bbox 1228 2537 1332 2600; x_wconf 87' lang='lat' dir='ltr'><strong>volun·</strong></span> 
     </span>
     <span class='ocr_line' id='line_1_21' title="bbox 122 2648 1332 2732; baseline 0.002 -23"><span class='ocrx_word' id='word_1_182' title='bbox 122 2657 217 2709; x_wconf 63' lang='lat' dir='ltr'><strong>mum</strong></span> <span class='ocrx_word' id='word_1_183' title='bbox 240 2648 289 2709; x_wconf 82' lang='lat' dir='ltr'><strong>dei</strong></span> <span class='ocrx_word' id='word_1_184' title='bbox 309 2670 369 2710; x_wconf 91' lang='lat' dir='ltr'><strong>non</strong></span> <span class='ocrx_word' id='word_1_185' title='bbox 391 2657 555 2727; x_wconf 76' lang='lat' dir='ltr'><em>contemno,</em></span> <span class='ocrx_word' id='word_1_186' title='bbox 579 2649 632 2710; x_wconf 85' lang='lat' dir='ltr'><strong>sed</strong></span> <span class='ocrx_word' id='word_1_187' title='bbox 653 2657 750 2710; x_wconf 84' lang='lat' dir='ltr'><strong>eustos</strong></span> <span class='ocrx_word' id='word_1_188' title='bbox 772 2650 834 2710; x_wconf 83' lang='lat' dir='ltr'><strong>eius</strong></span> <span class='ocrx_word' id='word_1_189' title='bbox 856 2670 907 2710; x_wconf 87' lang='lat' dir='ltr'><strong>ero</strong></span> <span class='ocrx_word' id='word_1_190' title='bbox 922 2669 1073 2732; x_wconf 74' lang='lat' dir='ltr'><strong>quousque</strong></span> <span class='ocrx_word' id='word_1_191' title='bbox 1095 2648 1150 2710; x_wconf 79' lang='lat' dir='ltr'><strong>hoe</strong></span> <span class='ocrx_word' id='word_1_192' title='bbox 1172 2649 1208 2710; x_wconf 87' lang='lat' dir='ltr'><strong>de</strong></span> <span class='ocrx_word' id='word_1_193' title='bbox 1228 2648 1332 2711; x_wconf 88' lang='lat' dir='ltr'><strong>volun·</strong></span> 
     </span>
     <span class='ocr_line' id='line_1_22' title="bbox 121 2756 1329 2844; baseline 0 -22"><span class='ocrx_word' id='word_1_194' title='bbox 121 2771 186 2822; x_wconf 83' lang='lat' dir='ltr'><strong>tate</strong></span> <span class='ocrx_word' id='word_1_195' title='bbox 208 2760 258 2822; x_wconf 84' lang='lat' dir='ltr'><strong>dei</strong></span> <span class='ocrx_word' id='word_1_196' title='bbox 278 2781 454 2844; x_wconf 67' lang='lat' dir='ltr'><strong>coquosoam</strong></span> <span class='ocrx_word' id='word_1_197' title='bbox 479 2761 560 2844; x_wconf 62' lang='lat' dir='ltr'><strong>qun:</strong></span> <span class='ocrx_word' id='word_1_198' title='bbox 586 2756 684 2837; x_wconf 86' lang='lat' dir='ltr'>VIII,</span> <span class='ocrx_word' id='word_1_199' title='bbox 700 2761 728 2823; x_wconf 86' lang='lat'><strong>5.</strong></span> <span class='ocrx_word' id='word_1_200' title='bbox 751 2756 849 2822; x_wconf 83' lang='lat' dir='ltr'><strong>Thilo</strong></span> <span class='ocrx_word' id='word_1_201' title='bbox 872 2761 962 2843; x_wconf 84' lang='lat' dir='ltr'><strong>quasi</strong></span> <span class='ocrx_word' id='word_1_202' title='bbox 982 2761 1013 2821; x_wconf 90' lang='lat' dir='ltr'><strong>in</strong></span> <span class='ocrx_word' id='word_1_203' title='bbox 1025 2761 1245 2844; x_wconf 72' lang='lat' dir='ltr'><strong>fatiqationem</strong></span> <span class='ocrx_word' id='word_1_204' title='bbox 1267 2782 1329 2822; x_wconf 85' lang='lat' dir='ltr'><strong>ser·</strong></span> 
     </span>
     <span class='ocr_line' id='line_1_23' title="bbox 120 2868 1328 2955; baseline 0.001 -23"><span class='ocrx_word' id='word_1_205' title='bbox 120 2874 235 2949; x_wconf 64' lang='lat' dir='ltr'><strong>monis,</strong></span> <span class='ocrx_word' id='word_1_206' title='bbox 268 2890 327 2934; x_wconf 91' lang='lat' dir='ltr'><strong>nos</strong></span> <span class='ocrx_word' id='word_1_207' title='bbox 350 2873 439 2955; x_wconf 86' lang='lat' dir='ltr'><strong>quasi</strong></span> <span class='ocrx_word' id='word_1_208' title='bbox 468 2873 499 2932; x_wconf 91' lang='lat' dir='ltr'><strong>in</strong></span> <span class='ocrx_word' id='word_1_209' title='bbox 519 2873 720 2955; x_wconf 70' lang='lat' dir='ltr'><strong>fatiqotionis</strong></span> <span class='ocrx_word' id='word_1_210' title='bbox 750 2892 899 2932; x_wconf 83' lang='lat' dir='ltr'><strong>sermone:</strong></span> <span class='ocrx_word' id='word_1_211' title='bbox 934 2868 1025 2950; x_wconf 90' lang='lat' dir='ltr'>XII,</span> <span class='ocrx_word' id='word_1_212' title='bbox 1052 2871 1081 2932; x_wconf 83' lang='lat'><strong>2.</strong></span> <span class='ocrx_word' id='word_1_213' title='bbox 1113 2868 1209 2934; x_wconf 84' lang='lat' dir='ltr'><strong>Thilo</strong></span> <span class='ocrx_word' id='word_1_214' title='bbox 1237 2893 1328 2955; x_wconf 87' lang='lat' dir='ltr'><strong>quam</strong></span> 
     </span>
     <span class='ocr_line' id='line_1_24' title="bbox 120 2981 1331 3067; baseline 0.001 -22"><span class='ocrx_word' id='word_1_215' title='bbox 120 2987 153 3045; x_wconf 83' lang='lat' dir='ltr'><strong>si</strong></span> <span class='ocrx_word' id='word_1_216' title='bbox 176 2992 332 3067; x_wconf 74' lang='lat' dir='ltr'><strong>qustasset</strong></span> <span class='ocrx_word' id='word_1_217' title='bbox 351 2982 439 3044; x_wconf 73' lang='lat' dir='ltr'><strong>homo</strong></span> <span class='ocrx_word' id='word_1_218' title='bbox 466 2991 614 3055; x_wconf 78' lang='lat' dir='ltr'><strong>metuens5</strong></span> <span class='ocrx_word' id='word_1_219' title='bbox 645 3002 817 3066; x_wconf 84' lang='lat' dir='ltr'><strong>nosquam</strong></span> <span class='ocrx_word' id='word_1_220' title='bbox 847 3004 914 3044; x_wconf 87' lang='lat' dir='ltr'><strong>cum</strong></span> <span class='ocrx_word' id='word_1_221' title='bbox 937 2992 1090 3066; x_wconf 75' lang='lat' dir='ltr'><strong>qustosset</strong></span> <span class='ocrx_word' id='word_1_222' title='bbox 1115 2981 1224 3067; x_wconf 87' lang='lat' dir='ltr'><strong>aliquis</strong></span> <span class='ocrx_word' id='word_1_223' title='bbox 1251 3005 1331 3046; x_wconf 87' lang='lat' dir='ltr'><strong>men·</strong></span> 
     </span>
     <span class='ocr_line' id='line_1_25' title="bbox 123 3091 1332 3177; baseline 0.001 -21"><span class='ocrx_word' id='word_1_224' title='bbox 123 3097 215 3156; x_wconf 84' lang='lat' dir='ltr'><strong>tiens:</strong></span> <span class='ocrx_word' id='word_1_225' title='bbox 244 3091 329 3172; x_wconf 88' lang='lat' dir='ltr'>XII,</span> <span class='ocrx_word' id='word_1_226' title='bbox 354 3094 382 3155; x_wconf 88' lang='lat'><strong>3.</strong></span> <span class='ocrx_word' id='word_1_227' title='bbox 405 3091 502 3158; x_wconf 81' lang='lat' dir='ltr'><strong>Thilo</strong></span> <span class='ocrx_word' id='word_1_228' title='bbox 525 3093 630 3156; x_wconf 87' lang='lat' dir='ltr'><strong>melius</strong></span> <span class='ocrx_word' id='word_1_229' title='bbox 652 3104 697 3156; x_wconf 89' lang='lat' dir='ltr'><strong>est</strong></span> <span class='ocrx_word' id='word_1_230' title='bbox 716 3097 792 3155; x_wconf 87' lang='lat' dir='ltr'><strong>enim</strong></span> <span class='ocrx_word' id='word_1_231' title='bbox 815 3097 907 3155; x_wconf 86' lang='lat' dir='ltr'><strong>vitam</strong></span> <span class='ocrx_word' id='word_1_232' title='bbox 930 3103 1014 3155; x_wconf 69' lang='lat' dir='ltr'><strong>amm</strong></span> <span class='ocrx_word' id='word_1_233' title='bbox 1037 3097 1183 3177; x_wconf 84' lang='lat' dir='ltr'><strong>confessio</strong></span> <span class='ocrx_word' id='word_1_234' title='bbox 1200 3095 1332 3177; x_wconf 79' lang='lat' dir='ltr'><strong>prodat3</strong></span> 
     </span>
     <span class='ocr_line' id='line_1_26' title="bbox 125 3201 1334 3288; baseline 0.001 -21"><span class='ocrx_word' id='word_1_235' title='bbox 125 3224 188 3268; x_wconf 88' lang='lat' dir='ltr'><strong>nos</strong></span> <span class='ocrx_word' id='word_1_236' title='bbox 212 3205 317 3266; x_wconf 82' lang='lat' dir='ltr'><strong>melius</strong></span> <span class='ocrx_word' id='word_1_237' title='bbox 338 3214 383 3267; x_wconf 86' lang='lat' dir='ltr'><strong>est</strong></span> <span class='ocrx_word' id='word_1_238' title='bbox 402 3207 479 3267; x_wconf 87' lang='lat' dir='ltr'><strong>enim</strong></span> <span class='ocrx_word' id='word_1_239' title='bbox 501 3215 537 3267; x_wconf 88' lang='lat' dir='ltr'><strong>ut</strong></span> <span class='ocrx_word' id='word_1_240' title='bbox 557 3214 609 3267; x_wconf 86' lang='lat' dir='ltr'><strong>tua</strong></span> <span class='ocrx_word' id='word_1_241' title='bbox 632 3207 778 3288; x_wconf 66' lang='lat' dir='ltr'><strong>corffessio</strong></span> <span class='ocrx_word' id='word_1_242' title='bbox 801 3215 828 3266; x_wconf 91' lang='lat' dir='ltr'><strong>te</strong></span> <span class='ocrx_word' id='word_1_243' title='bbox 844 3205 976 3288; x_wconf 83' lang='lat' dir='ltr'><strong>prodat:</strong></span> <span class='ocrx_word' id='word_1_244' title='bbox 1000 3202 1086 3284; x_wconf 91' lang='lat' dir='ltr'>XII,</span> <span class='ocrx_word' id='word_1_245' title='bbox 1104 3205 1133 3267; x_wconf 84' lang='lat'><strong>4.</strong></span> <span class='ocrx_word' id='word_1_246' title='bbox 1155 3201 1254 3269; x_wconf 78' lang='lat' dir='ltr'><strong>Thilo</strong></span> <span class='ocrx_word' id='word_1_247' title='bbox 1277 3204 1334 3268; x_wconf 83' lang='lat' dir='ltr'><strong>alii</strong></span> 
     </span>
     <span class='ocr_line' id='line_1_27' title="bbox 124 3315 1334 3400; baseline 0.001 -22"><span class='ocrx_word' id='word_1_248' title='bbox 124 3316 267 3378; x_wconf 79' lang='lat' dir='ltr'><strong>dicebant</strong></span> <span class='ocrx_word' id='word_1_249' title='bbox 287 3319 491 3394; x_wconf 78' lang='lat' dir='ltr'><strong>sanctitatem,</strong></span> <span class='ocrx_word' id='word_1_250' title='bbox 521 3315 578 3378; x_wconf 84' lang='lat' dir='ltr'><strong>alii</strong></span> <span class='ocrx_word' id='word_1_251' title='bbox 599 3338 668 3378; x_wconf 87' lang='lat' dir='ltr'><strong>uero</strong></span> <span class='ocrx_word' id='word_1_252' title='bbox 691 3339 750 3400; x_wconf 83' lang='lat' dir='ltr'><strong>per</strong></span> <span class='ocrx_word' id='word_1_253' title='bbox 772 3315 887 3378; x_wconf 86' lang='lat' dir='ltr'><strong>molam</strong></span> <span class='ocrx_word' id='word_1_254' title='bbox 912 3319 1122 3378; x_wconf 81' lang='lat' dir='ltr'><strong>conscientiam</strong></span> <span class='ocrx_word' id='word_1_255' title='bbox 1147 3317 1334 3379; x_wconf 70' lang='lat' dir='ltr'><strong>aestuabant</strong></span> 
     </span>
     <span class='ocr_line' id='line_1_28' title="bbox 124 3425 1332 3512; baseline 0 -23"><span class='ocrx_word' id='word_1_256' title='bbox 124 3449 204 3490; x_wconf 88' lang='lat' dir='ltr'><strong>eam.</strong></span> <span class='ocrx_word' id='word_1_257' title='bbox 254 3426 342 3489; x_wconf 73' lang='lat' dir='ltr'><strong>ssinc</strong></span> <span class='ocrx_word' id='word_1_258' title='bbox 365 3425 473 3490; x_wconf 89' lang='lat' dir='ltr'><strong>Mario</strong></span> <span class='ocrx_word' id='word_1_259' title='bbox 494 3427 596 3490; x_wconf 81' lang='lat' dir='ltr'><strong>videns</strong></span> <span class='ocrx_word' id='word_1_260' title='bbox 613 3426 723 3512; x_wconf 82' lang='lat' dir='ltr'><strong>populi</strong></span> <span class='ocrx_word' id='word_1_261' title='bbox 743 3430 940 3511; x_wconf 68' lang='lat' dir='ltr'><strong>suspicionem</strong></span> <span class='ocrx_word' id='word_1_262' title='bbox 962 3449 1022 3489; x_wconf 92' lang='lat' dir='ltr'><strong>non</strong></span> <span class='ocrx_word' id='word_1_263' title='bbox 1044 3450 1079 3488; x_wconf 78' lang='lat' dir='ltr'><strong>ea</strong></span> <span class='ocrx_word' id='word_1_264' title='bbox 1101 3430 1216 3511; x_wconf 72' lang='lat' dir='ltr'><strong>inteqro</strong></span> <span class='ocrx_word' id='word_1_265' title='bbox 1228 3429 1332 3511; x_wconf 75' lang='lat' dir='ltr'><strong>fuisse</strong></span> 
     </span>
     <span class='ocr_line' id='line_1_29' title="bbox 119 3538 1333 3623; baseline 0.001 -23"><span class='ocrx_word' id='word_1_266' title='bbox 119 3548 291 3623; x_wconf 62' lang='lat' dir='ltr'><strong>purgatam</strong></span> <span class='ocrx_word' id='word_1_267' title='bbox 314 3574 327 3586; x_wconf 93' lang='lat'>-</span> <span class='ocrx_word' id='word_1_268' title='bbox 349 3541 491 3623; x_wconf 78' lang='lat' dir='ltr'><strong>qssoniam</strong></span> <span class='ocrx_word' id='word_1_269' title='bbox 513 3542 612 3601; x_wconf 82' lang='lat' dir='ltr'><strong>uirum</strong></span> <span class='ocrx_word' id='word_1_270' title='bbox 639 3561 793 3623; x_wconf 85' lang='lat' dir='ltr'><strong>nunquam</strong></span> <span class='ocrx_word' id='word_1_271' title='bbox 821 3541 960 3623; x_wconf 69' lang='lat' dir='ltr'><strong>cuononi,</strong></span> <span class='ocrx_word' id='word_1_272' title='bbox 992 3538 1046 3600; x_wconf 85' lang='lat' dir='ltr'><strong>sed</strong></span> <span class='ocrx_word' id='word_1_273' title='bbox 1074 3561 1126 3600; x_wconf 90' lang='lat' dir='ltr'><strong>neo</strong></span> <span class='ocrx_word' id='word_1_274' title='bbox 1157 3560 1333 3622; x_wconf 73' lang='lat' dir='ltr'><strong>eoqnoseere</strong></span> 
     </span>
     <span class='ocr_line' id='line_1_30' title="bbox 124 3648 1331 3734; baseline 0.001 -22"><span class='ocrx_word' id='word_1_275' title='bbox 124 3650 238 3724; x_wconf 76' lang='lat' dir='ltr'><strong>liabeo3</strong></span> <span class='ocrx_word' id='word_1_276' title='bbox 265 3653 337 3734; x_wconf 87' lang='lat' dir='ltr'><strong>quia</strong></span> <span class='ocrx_word' id='word_1_277' title='bbox 365 3651 404 3711; x_wconf 85' lang='lat' dir='ltr'><strong>ab</strong></span> <span class='ocrx_word' id='word_1_278' title='bbox 432 3652 565 3733; x_wconf 78' lang='lat' dir='ltr'><strong>infantia</strong></span> <span class='ocrx_word' id='word_1_279' title='bbox 588 3686 599 3697; x_wconf 95' lang='lat'>-</span> <span class='ocrx_word' id='word_1_280' title='bbox 623 3653 654 3712; x_wconf 88' lang='lat' dir='ltr'><strong>in</strong></span> <span class='ocrx_word' id='word_1_281' title='bbox 676 3650 732 3712; x_wconf 79' lang='lat' dir='ltr'><strong>hoe</strong></span> <span class='ocrx_word' id='word_1_282' title='bbox 755 3648 880 3712; x_wconf 80' lang='lat' dir='ltr'><strong>mentem</strong></span> <span class='ocrx_word' id='word_1_283' title='bbox 902 3650 1036 3730; x_wconf 72' lang='lat' dir='ltr'><strong>definioi,</strong></span> <span class='ocrx_word' id='word_1_284' title='bbox 1065 3658 1095 3711; x_wconf 90' lang='lat' dir='ltr'><strong>et</strong></span> <span class='ocrx_word' id='word_1_285' title='bbox 1114 3649 1169 3711; x_wconf 74' lang='lat' dir='ltr'><strong>hoo</strong></span> <span class='ocrx_word' id='word_1_286' title='bbox 1191 3650 1244 3711; x_wconf 84' lang='lat' dir='ltr'><strong>deo</strong></span> <span class='ocrx_word' id='word_1_287' title='bbox 1267 3671 1331 3713; x_wconf 86' lang='lat' dir='ltr'><strong>meo</strong></span> 
     </span>
     <span class='ocr_line' id='line_1_31' title="bbox 122 3759 1332 3845; baseline 0 -22"><span class='ocrx_word' id='word_1_288' title='bbox 122 3771 227 3823; x_wconf 80' lang='lat' dir='ltr'><strong>votum</strong></span> <span class='ocrx_word' id='word_1_289' title='bbox 244 3763 316 3845; x_wconf 86' lang='lat' dir='ltr'><strong>feei</strong></span> <span class='ocrx_word' id='word_1_290' title='bbox 340 3770 406 3822; x_wconf 90' lang='lat' dir='ltr'><strong>ut·</strong></span> <span class='ocrx_word' id='word_1_291' title='bbox 430 3763 461 3822; x_wconf 89' lang='lat' dir='ltr'><strong>in</strong></span> <span class='ocrx_word' id='word_1_292' title='bbox 483 3783 544 3845; x_wconf 81' lang='lat' dir='ltr'><strong>quo</strong></span> <span class='ocrx_word' id='word_1_293' title='bbox 566 3783 612 3822; x_wconf 87' lang='lat' dir='ltr'><strong>me</strong></span> <span class='ocrx_word' id='word_1_294' title='bbox 634 3761 750 3843; x_wconf 82' lang='lat' dir='ltr'><strong>confido</strong></span> <span class='ocrx_word' id='word_1_295' title='bbox 772 3763 831 3845; x_wconf 84' lang='lat' dir='ltr'><strong>ipsi</strong></span> <span class='ocrx_word' id='word_1_296' title='bbox 851 3759 910 3822; x_wconf 86' lang='lat' dir='ltr'><strong>soli</strong></span> <span class='ocrx_word' id='word_1_297' title='bbox 929 3763 1027 3822; x_wconf 84' lang='lat' dir='ltr'><strong>viuere</strong></span> <span class='ocrx_word' id='word_1_298' title='bbox 1048 3770 1077 3822; x_wconf 89' lang='lat' dir='ltr'><strong>et</strong></span> <span class='ocrx_word' id='word_1_299' title='bbox 1102 3763 1161 3843; x_wconf 84' lang='lat' dir='ltr'><strong>ipsi</strong></span> <span class='ocrx_word' id='word_1_300' title='bbox 1186 3759 1244 3822; x_wconf 85' lang='lat' dir='ltr'><strong>soli</strong></span> <span class='ocrx_word' id='word_1_301' title='bbox 1268 3762 1332 3823; x_wconf 85' lang='lat' dir='ltr'><strong>sine</strong></span> 
     </span>
     <span class='ocr_line' id='line_1_32' title="bbox 122 3870 1334 3956; baseline 0 -22"><span class='ocrx_word' id='word_1_302' title='bbox 122 3872 231 3956; x_wconf 84' lang='lat' dir='ltr'><strong>aliqua</strong></span> <span class='ocrx_word' id='word_1_303' title='bbox 262 3870 427 3956; x_wconf 81' lang='lat' dir='ltr'><strong>pollutione</strong></span> <span class='ocrx_word' id='word_1_304' title='bbox 458 3872 603 3956; x_wconf 82' lang='lat' dir='ltr'><strong>quamdiu</strong></span> <span class='ocrx_word' id='word_1_305' title='bbox 639 3875 740 3934; x_wconf 55' lang='lat' dir='ltr'><strong>onero</strong></span> <span class='ocrx_word' id='word_1_306' title='bbox 772 3894 973 3956; x_wconf 84' lang='lat' dir='ltr'><strong>permanere;</strong></span> <span class='ocrx_word' id='word_1_307' title='bbox 1009 3890 1067 3934; x_wconf 90' lang='lat' dir='ltr'><strong>nos</strong></span> <span class='ocrx_word' id='word_1_308' title='bbox 1104 3871 1160 3933; x_wconf 88' lang='lat' dir='ltr'><strong>alii</strong></span> <span class='ocrx_word' id='word_1_309' title='bbox 1194 3872 1334 3934; x_wconf 80' lang='lat' dir='ltr'><strong>dicebant</strong></span> 
     </span>
     <span class='ocr_line' id='line_1_33' title="bbox 121 3982 1331 4056; baseline -0.001 -10"><span class='ocrx_word' id='word_1_310' title='bbox 121 3992 264 4046; x_wconf 81' lang='lat' dir='ltr'><strong>sanctam</strong></span> <span class='ocrx_word' id='word_1_311' title='bbox 286 3992 316 4044; x_wconf 89' lang='lat' dir='ltr'><strong>et</strong></span> <span class='ocrx_word' id='word_1_312' title='bbox 336 3982 581 4056; x_wconf 73' lang='lat' dir='ltr'><strong>immaculatam,-</strong></span> <span class='ocrx_word' id='word_1_313' title='bbox 603 3982 659 4045; x_wconf 86' lang='lat' dir='ltr'><strong>alii</strong></span> <span class='ocrx_word' id='word_1_314' title='bbox 679 4005 747 4046; x_wconf 88' lang='lat' dir='ltr'><strong>oero</strong></span> <span class='ocrx_word' id='word_1_315' title='bbox 770 3982 885 4045; x_wconf 86' lang='lat' dir='ltr'><strong>malam</strong></span> <span class='ocrx_word' id='word_1_316' title='bbox 907 3993 937 4044; x_wconf 88' lang='lat' dir='ltr'><strong>et</strong></span> <span class='ocrx_word' id='word_1_317' title='bbox 957 3984 1202 4045; x_wconf 80' lang='lat' dir='ltr'><strong>contaminatam.</strong></span> <span class='ocrx_word' id='word_1_318' title='bbox 1243 3982 1331 4045; x_wconf 72' lang='lat' dir='ltr'><strong>Titne</strong></span> 
     </span>
     <span class='ocr_line' id='line_1_34' title="bbox 125 4093 1334 4178; baseline -0.002 -21"><span class='ocrx_word' id='word_1_319' title='bbox 125 4093 236 4157; x_wconf 71' lang='lat' dir='ltr'><strong>Mersa</strong></span> <span class='ocrx_word' id='word_1_320' title='bbox 264 4094 366 4156; x_wconf 81' lang='lat' dir='ltr'><strong>uidens</strong></span> <span class='ocrx_word' id='word_1_321' title='bbox 393 4116 424 4156; x_wconf 88' lang='lat' dir='ltr'><strong>se</strong></span> <span class='ocrx_word' id='word_1_322' title='bbox 452 4097 483 4156; x_wconf 92' lang='lat' dir='ltr'><strong>in</strong></span> <span class='ocrx_word' id='word_1_323' title='bbox 510 4094 677 4178; x_wconf 68' lang='lat' dir='ltr'><strong>suspicione</strong></span> <span class='ocrx_word' id='word_1_324' title='bbox 701 4094 811 4178; x_wconf 84' lang='lat' dir='ltr'><strong>populi</strong></span> <span class='ocrx_word' id='word_1_325' title='bbox 834 4117 896 4156; x_wconf 81' lang='lat' dir='ltr'><strong>esse.</strong></span> <span class='ocrx_word' id='word_1_326' title='bbox 922 4116 975 4155; x_wconf 86' lang='lat' dir='ltr'><strong>nee</strong></span> <span class='ocrx_word' id='word_1_327' title='bbox 996 4115 1027 4155; x_wconf 85' lang='lat' dir='ltr'><strong>se</strong></span> <span class='ocrx_word' id='word_1_328' title='bbox 1048 4115 1080 4155; x_wconf 90' lang='lat' dir='ltr'><strong>eo</strong></span> <span class='ocrx_word' id='word_1_329' title='bbox 1104 4095 1215 4177; x_wconf 57' lang='lat' dir='ltr'><strong>integere</strong></span> <span class='ocrx_word' id='word_1_330' title='bbox 1236 4093 1334 4156; x_wconf 83' lang='lat' dir='ltr'><strong>uideri</strong></span> 
     </span>
     <span class='ocr_line' id='line_1_35' title="bbox 117 4204 1331 4290; baseline -0.003 -22"><span class='ocrx_word' id='word_1_331' title='bbox 117 4214 290 4290; x_wconf 73' lang='lat' dir='ltr'><strong>purqatam</strong></span> <span class='ocrx_word' id='word_1_332' title='bbox 313 4240 325 4254; x_wconf 91' lang='lat'><strong>·</strong></span> <span class='ocrx_word' id='word_1_333' title='bbox 347 4207 490 4290; x_wconf 85' lang='lat' dir='ltr'><strong>quoniam</strong></span> <span class='ocrx_word' id='word_1_334' title='bbox 512 4208 611 4267; x_wconf 85' lang='lat' dir='ltr'><strong>virum</strong></span> <span class='ocrx_word' id='word_1_335' title='bbox 634 4227 788 4289; x_wconf 68' lang='lat' dir='ltr'><strong>nunqwn</strong></span> <span class='ocrx_word' id='word_1_336' title='bbox 811 4207 952 4289; x_wconf 59' lang='lat' dir='ltr'><strong>coquom}</strong></span> <span class='ocrx_word' id='word_1_337' title='bbox 979 4204 1033 4266; x_wconf 85' lang='lat' dir='ltr'><strong>sed</strong></span> <span class='ocrx_word' id='word_1_338' title='bbox 1052 4205 1091 4265; x_wconf 78' lang='lat' dir='ltr'><strong>ab</strong></span> <span class='ocrx_word' id='word_1_339' title='bbox 1113 4226 1145 4265; x_wconf 89' lang='lat' dir='ltr'><strong>eo</strong></span> <span class='ocrx_word' id='word_1_340' title='bbox 1168 4224 1331 4287; x_wconf 75' lang='lat' dir='ltr'><strong>eoqnoscor</strong></span> 
     </span>
     <span class='ocr_line' id='line_1_36' title="bbox 123 4315 1330 4401; baseline -0.002 -22"><span class='ocrx_word' id='word_1_341' title='bbox 123 4320 176 4379; x_wconf 86' lang='lat' dir='ltr'><strong>cui</strong></span> <span class='ocrx_word' id='word_1_342' title='bbox 202 4317 240 4379; x_wconf 79' lang='lat' dir='ltr'><strong>ab</strong></span> <span class='ocrx_word' id='word_1_343' title='bbox 272 4319 405 4401; x_wconf 55' lang='lat' dir='ltr'><strong>nfantia</strong></span> <span class='ocrx_word' id='word_1_344' title='bbox 427 4353 440 4365; x_wconf 92' lang='lat'>·</span> <span class='ocrx_word' id='word_1_345' title='bbox 463 4325 586 4378; x_wconf 63' lang='lat' dir='ltr'><strong>menum</strong></span> <span class='ocrx_word' id='word_1_346' title='bbox 615 4339 712 4379; x_wconf 87' lang='lat' dir='ltr'><strong>meam</strong></span> <span class='ocrx_word' id='word_1_347' title='bbox 740 4318 850 4381; x_wconf 84' lang='lat' dir='ltr'><strong>deooui.</strong></span> <span class='ocrx_word' id='word_1_348' title='bbox 900 4315 945 4379; x_wconf 82' lang='lat' dir='ltr'><strong>Et</strong></span> <span class='ocrx_word' id='word_1_349' title='bbox 969 4316 1026 4378; x_wconf 79' lang='lat' dir='ltr'><strong>hoc</strong></span> <span class='ocrx_word' id='word_1_350' title='bbox 1052 4316 1105 4377; x_wconf 87' lang='lat' dir='ltr'><strong>deo</strong></span> <span class='ocrx_word' id='word_1_351' title='bbox 1136 4336 1199 4376; x_wconf 86' lang='lat' dir='ltr'><strong>meo</strong></span> <span class='ocrx_word' id='word_1_352' title='bbox 1229 4323 1330 4376; x_wconf 79' lang='lat' dir='ltr'><strong>oetion</strong></span> 
     </span>
    </p>
   </div>
   <div class='ocr_carea' id='block_1_4' title="bbox 0 0 1493 4912">
    <p class='ocr_par' dir='ltr' id='par_1_4' title="bbox 0 0 1493 4912">
     <span class='ocr_line' id='line_1_37' title="bbox 0 0 1493 4912; baseline 0 0"><span class='ocrx_word' id='word_1_353' title='bbox 0 0 1493 4912; x_wconf 95' lang='lat' dir='ltr'><strong> </strong></span> 
     </span>
    </p>
   </div>
  </div>
 </body>
</html>
