2962 4912
145 335 221 381 m
608 313 881 367 rnouncounna.

147 470 316 536 doctrinae
339 490 418 534 suae
440 469 531 532 rirus
553 467 588 539 in
611 488 684 532 eam
707 468 875 550 regionem
899 466 1090 546 evomuisse,
1112 464 1201 547 qnod
1221 464 1346 549 gravis·

146 585 248 648 simus
264 587 382 647 auctor
396 578 625 644 Theodoretus
639 578 695 643 lib.
707 583 734 643 l.
750 578 873 643 haeret
889 576 1026 642 fabular.
1042 579 1172 659 cap26.
1185 576 1346 659 scripturn

145 694 296 776 reliquit:
318 694 430 774 itaque
448 688 536 756 haud
550 711 648 773 aegre
663 689 853 755 adducebar
867 696 905 754 ut
920 688 1088 754 crederem
1104 688 1195 753 facili
1209 688 1346 771 negotio

145 805 444 871 Manichaeismum
465 803 501 867 in
523 800 679 868 Tibetum
701 802 848 884 irrepere
871 803 1047 884 potuisset
1060 837 1073 851 ·
1087 837 1100 850 ·
1121 798 1217 885 „Quo
1239 800 1346 882 magis

144 937 222 981 vero
245 937 339 980 suam
360 914 507 979 illustret
528 914 579 978 rir
601 913 726 979 clariss.
741 921 843 996 atque
859 912 1033 978 confirmet
1047 913 1244 995 opinionem,
1264 932 1345 994 apo·

145 1027 307 1111 cryphum
329 1025 493 1108 quendam
521 1025 668 1091 libellum
695 1025 828 1107 saepius
851 1025 933 1089 citat
954 1024 1011 1106 qui
1034 1023 1181 1089 Thomae
1203 1043 1346 1106 evange·

144 1138 225 1202 lium
247 1141 306 1201 aut
323 1136 363 1201 de
386 1135 528 1201 infantia
543 1134 728 1201 Salvatoris
743 1135 840 1218 vulgo
861 1134 1068 1199 inscribitur:
1091 1155 1130 1199 ac
1145 1135 1345 1217 praecipuas

144 1248 315 1313 fabulosae
344 1245 491 1311 Manetis
520 1247 607 1311 ritae
638 1246 864 1328 historiaeque
894 1244 1048 1329 periodos
1079 1265 1197 1329 resque
1228 1245 1272 1311 ab
1305 1266 1344 1311 oo

144 1366 254 1443 gestas
283 1380 323 1424 ex
351 1359 587 1424 commentitiis
608 1360 696 1423 ritae
720 1356 907 1423 Servatoris
934 1360 1054 1423 nostris
1076 1357 1220 1441 periodis
1241 1363 1345 1439 atquo

143 1470 320 1555 prodigiis,
347 1491 433 1553 qnae
459 1472 494 1534 in
522 1469 772 1535 mendacissimo
796 1491 834 1534 eo
857 1470 969 1535 libello
992 1469 1237 1549 describuntur,
1265 1488 1345 1533 con·

143 1583 239 1648 fictas
262 1604 334 1648 esse
357 1584 552 1665 suspicatur.
595 1582 691 1647 Haec
706 1582 783 1646 dum
802 1583 838 1646 in
853 1582 998 1664 Georgio
1013 1582 1166 1665 legerem,
1188 1579 1345 1645 dolebam

144 1695 255 1778 graeci
284 1694 375 1759 illius
405 1693 694 1777 pseudoevangelii
725 1692 946 1776 fragmentum
972 1693 1134 1758 duntaxat
1163 1693 1253 1775 typis
1283 1692 1345 1756 im·

145 1826 294 1888 pressum
328 1805 490 1870 hactenus
525 1803 704 1887 prodiisse:
741 1803 829 1885 quod
860 1803 1004 1869 riderem
1038 1825 1078 1868 ex
1108 1805 1210 1886 impio
1240 1802 1345 1868 etiam

144 1916 258 1983 libello
281 1916 461 1980 utilitatem
483 1915 628 1998 aliquam
650 1924 820 1996 tamquam
842 1915 1026 1980 antidotum
1047 1936 1087 1979 ex
1103 1935 1229 1980 veneno
1246 1934 1345 1998 posse

145 2027 333 2111 comparari
352 2064 391 2076 ··
412 2025 513 2091 habet
535 2027 680 2108 aliquam
702 2026 902 2108 ineptiarum
925 2047 1056 2109 quoque
1078 2025 1177 2091 lectio
1200 2024 1345 2091 delecta·

145 2140 268 2204 tionem
296 2140 323 2202 si
351 2144 500 2202 vetustae
529 2138 595 2202 sint
622 2144 656 2202 et
683 2143 829 2202 veterum
852 2144 985 2219 patrum
1007 2138 1217 2203 execratione
1240 2137 1345 2202 famo·

144 2271 201 2315 sae
223 2286 262 2300 -·
283 2249 382 2314 Hanc
403 2249 506 2331 igitur
526 2251 634 2331 ipsam
656 2248 820 2313 duntaxat
840 2248 1019 2314 utilitatem
1040 2248 1345 2331 quantulacumque

145 2366 196 2426 est
217 2382 299 2443 prae
321 2359 425 2424 oculis
447 2361 573 2442 etipse
596 2359 721 2424 habens
744 2360 826 2424 illud
848 2382 935 2425 nuuc
957 2361 1124 2443 integrum
1147 2360 1222 2443 edo,
1243 2361 1344 2442 quale

144 2478 252 2536 exstat
273 2473 308 2536 in
330 2471 435 2537 chart
452 2471 521 2535 cod.
536 2492 594 2535 ms.
617 2492 680 2536 sec.
696 2471 776 2538 XV.
794 2493 892 2555 quem
914 2470 1036 2537 aClar.
1051 2470 1136 2536 Viro
1157 2470 1207 2536 10.
1223 2470 1344 2556 Chrys.

143 2582 345 2648 'l'rombellio
369 2581 504 2647 Abbate
527 2582 727 2665 Exgenerali
750 2590 896 2665 emptum
924 2589 1034 2647 serrat
1061 2588 1176 2648 nostra
1198 2582 1231 2649 S.
1253 2582 1344 2650 Salv.

143 2693 314 2758 Bononiae
338 2692 567 2757 bibliotheca.“
611 2694 694 2757 Post
716 2693 797 2757 haec
818 2693 915 2776 plura
936 2694 1110 2778 praefatur
1131 2696 1171 2759 de
1191 2702 1344 2760 retemm

142 2805 341 2869 testimoniis
363 2805 540 2868 maximam
561 2812 691 2886 partem
713 2826 754 2868 ex
770 2804 925 2870 Fabricio
949 2813 1109 2888 repetens
1152 2804 1238 2871 'l'nm
1259 2805 1344 2871 duos

145 2914 226 2979 dicit
247 2914 496 2997 distinguendos
524 2937 596 2980 esse
618 2915 736 2995 libros,
764 2915 970 3000 evangelium
992 2914 1139 2982 Thomae
1162 2925 1196 2982 et
1218 2917 1344 2983 librum

143 3026 184 3089 de
206 3025 347 3090 infantia
369 3026 563 3108 Salvatoris.
586 3025 716 3092 Gelasii
738 3033 772 3091 et
794 3026 961 3092 Timothei
980 3027 1343 3112 Constantinopolitani

142 3137 344 3201 auctoritate
371 3136 529 3202 adhibita.
573 3137 742 3219 Denique,
770 3137 903 3221 explosa
925 3138 1125 3204 Bellosobrii
1150 3141 1343 3206 testimonia

142 3252 276 3330 patrum
299 3248 524 3332 impugnantis
547 3248 797 3332 „impudentia“‚
824 3271 889 3315 non
911 3249 1044 3314 dubitat
1071 3251 1170 3333 „quin
1193 3251 1342 3317 eiusdem

141 3358 231 3423 tituli
254 3364 354 3441 atque
376 3358 458 3424 adeo
481 3359 627 3425 eiusdem
649 3361 835 3443 argumenti
857 3362 1077 3443 evangelium,
1104 3362 1204 3445 idque
1227 3384 1343 3428 secun·

142 3468 220 3534 dum
234 3468 400 3534 Thomam
421 3479 657 3554 nuncupatum,
678 3493 780 3553 quum
800 3471 959 3537 Marcosii
981 3472 1167 3554 habuerint,
1188 3482 1260 3539 tum
1281 3474 1341 3538 fin·

140 3582 251 3646 xorint
271 3580 488 3646 Manichaei.“
533 3581 708 3648 Concludit
736 3590 847 3647 autem
869 3585 1099 3665 quaestionem
1127 3584 1192 3648 his:
1223 3584 1342 3670 „Quod

141 3692 267 3775 siquis
294 3714 335 3757 ex
361 3714 412 3756 me
436 3701 590 3776 quaerat,
617 3693 903 3759 hlarcosiorumne
930 3716 973 3759 an
996 3694 1273 3760 Manichaeorum
1297 3698 1342 3761 sit

141 3803 231 3885 quod
259 3825 344 3868 nunc
373 3804 448 3883 edo,
480 3804 563 3869 nihil
592 3806 697 3870 ausim
729 3805 880 3889 equidem
912 3808 994 3871 certi
1026 3812 1182 3871 statuere.
1227 3806 1341 3892 Quum

59 3992 63 4001 Ι
140 3920 251 3980 tamen
279 3919 428 3979 nostrum
456 3916 518 3981 hoc
541 3923 575 3981 et
597 3916 744 3981 Thomae
768 3939 887 3983 nomen
909 3918 951 3983 ab
976 3917 1122 4000 Origene
1145 3939 1342 3985 commemo-

138 4032 249 4090 ratum
276 4024 458 4107 praeferat.
491 4033 524 4091 et
551 4026 707 4092 fabellam
734 4028 775 4093 ab
802 4028 943 4094 Irenaeo
971 4029 1138 4111 prolatam
1166 4028 1206 4094 de
1234 4051 1340 4113 puero

139 4136 216 4202 Iesu
243 4136 373 4201 litteras
401 4158 535 4218 graecas
558 4137 703 4203 discente
730 4139 867 4209 habeat.
896 4162 961 4204 non
983 4161 1061 4205 rero
1085 4140 1275 4223 hebraicas
1302 4148 1341 4207 ut

139 4252 191 4312 est
212 4248 247 4310 in
269 4246 455 4330 fragmento
480 4247 701 4330 Coteleriano‚
725 4257 876 4316 nostrum
898 4252 961 4316 hoc
984 4253 1217 4335 potiusquam
1240 4253 1339 4320 Cote-

138 4358 301 4423 lerianum
327 4358 545 4441 fragmentum
567 4361 750 4443 respexisse
772 4364 957 4444 putaverim
979 4363 1183 4428 Irenaeum.“
1228 4362 1339 4449 Quam
