2962 4912
450 305 617 357 ursrorun
637 306 789 357 rossem.
815 306 887 356 cnr.
906 305 976 355 xm.
995 305 1050 355 xx.
1289 303 1347 366 131

172 466 268 530 autem
282 461 394 520 mater
408 477 500 537 mee,
524 458 619 540 virgo
636 456 789 540 illibata,
813 463 848 522 et
867 455 1039 522 accedens
1057 454 1169 520 adme
1186 453 1287 518 dixit:
1319 451 1349 520 Ο

171 568 209 634 mi
226 561 268 629 fili
291 560 436 645 dilecte,
459 563 599 628 iamiam
618 565 767 629 moritur
785 563 843 628 hic
864 564 943 646 pius
967 583 1075 628 senex
1089 559 1273 645 Iosephus.
1303 558 1352 623 ut

172 664 316 751 respondi
342 687 422 749 ego:
469 664 499 731 Ο
526 672 637 731 mater
660 688 737 732 mea
762 667 1013 748 amantissima,
1041 667 1163 748 utique
1190 663 1351 730 omnibns

171 769 336 849 creaturis,
364 769 512 852 quaein
536 768 754 834 boemundo
780 776 1007 854 generantur,
1034 768 1155 834 eadem
1180 766 1353 832 incumbit

170 870 322 944 moriendi
338 873 546 936 necessitas:
563 893 654 937 mors
672 874 764 937 enim
781 873 817 936 in
834 874 1032 938 universnm
1044 893 1152 956 genus
1163 871 1352 936 humanum

169 985 212 1048 ius
229 974 372 1041 obtinet.
403 973 484 1040 Tibi
502 977 621 1058 etiam,
645 998 664 1040 0
683 983 795 1041 mater
810 996 887 1041 mea
901 977 1012 1060 virgo,
1034 976 1126 1041 idem
1148 996 1187 1040 ac
1204 973 1352 1057 reliquie

168 1077 357 1152 mortalibus
373 1078 465 1142 vitae
491 1081 604 1144 exitus
623 1080 860 1162 expectandus
883 1086 946 1145 est.
976 1078 1144 1145 Attamen
1166 1099 1258 1144 mors
1280 1083 1351 1159 tua,

166 1191 199 1253 ut
212 1187 242 1248 et
257 1202 349 1247 mors
366 1180 470 1247 buius
487 1182 551 1266 pii,
575 1204 666 1247 mors
684 1204 753 1248 non
772 1190 825 1248 est
842 1183 903 1248 sed
919 1184 990 1248 rita
1005 1183 1170 1267 perennis
1191 1183 1227 1247 in
1243 1189 1353 1248 aeter·

168 1306 243 1355 nunu
283 1281 378 1368 Quin
405 1291 544 1368 oportet
569 1287 674 1351 etiam
699 1306 752 1350 me
779 1287 887 1351 emori
912 1307 981 1369 qna
1006 1307 1132 1369 corpus
1154 1285 1248 1369 quod
1272 1307 1293 1352 a
1316 1291 1351 1350 te

168 1388 301 1470 suscepi.
333 1387 466 1455 Verum
482 1410 601 1472 surge,
624 1410 642 1452 o
660 1394 771 1453 mater
786 1410 863 1453 mea
881 1388 1094 1471 veneranda,
1117 1390 1167 1455 ito
1190 1395 1225 1454 et
1239 1389 1353 1472 ingre-

169 1494 236 1560 dere
251 1489 295 1555 ad
311 1489 502 1574 Iosepbum
520 1512 637 1556 senem
654 1490 894 1574 benedictum,
919 1497 957 1556 ut
972 1491 1091 1557 videas
1109 1491 1193 1574 quid
1210 1491 1353 1557 adscon-

169 1597 256 1662 dente
273 1592 328 1675 (de
347 1613 492 1677 corpore
510 1595 637 1679 anima)
655 1595 730 1659 eius
748 1595 970 1679 continget⁶).

624 1780 745 1848 Garun
772 1781 879 1847 XXX.

239 1916 349 2000 lbat')
365 1918 598 2001 igiturMaria
608 1927 804 1985 matermea
814 1940 903 2003 pura
919 1926 953 1984 et
962 1919 1229 2004 ingrediebatur
1238 1920 1354 1984 locum

173 2022 220 2088 ubi
234 2027 306 2086 erat
321 2020 506 2105 Iosephus.
537 2020 657 2107 Atque
681 2043 744 2105 ego
766 2022 809 2087 ad
826 2021 934 2105 pedes
957 2022 1033 2086 eius
1051 2021 1231 2103 sedebam,
1254 2022 1354 2087 illum

172 2125 362 2209 respiciens3
380 2125 575 2207 signavero
593 2125 714 2189 mortis
731 2125 799 2190 iam
816 2146 1009 2209 apparuere
1026 2126 1063 2189 in
1079 2125 1177 2191 vultu
1195 2125 1280 2190 eius.
1304 2122 1355 2189 At

172 2248 260 2294 senex
282 2227 343 2292 ille
369 2226 577 2293 benedictus
604 2228 716 2293 levato
744 2228 857 2311 capite
883 2234 919 2293 et
943 2228 1064 2294 defixis
1091 2228 1202 2294 oculis
1227 2227 1354 2294 faciem

171 2352 263 2398 neam
283 2330 502 2396 intuebatur:
525 2331 623 2397 nulla
643 2337 760 2396 tamen
781 2352 834 2396 me
857 2331 1062 2415 alloquendi
1083 2331 1152 2415 ipsi
1168 2331 1218 2396 vis
1239 2333 1355 2397 inerat

170 2434 206 2499 ob
226 2434 342 2498 mortis
360 2435 419 2518 qui
443 2455 520 2499 eum
544 2436 813 2518 circumseptum
835 2436 952 2501 tenuit
967 2434 1139 2515 dolorem;
1161 2433 1223 2498 sed
1244 2434 1355 2500 multa

168 2535 313 2604 trahebat
329 2539 492 2621 suspiria.
522 2538 598 2623 Ego
622 2544 738 2603 autem
754 2560 876 2604 manus
899 2538 974 2604 eius
990 2559 1054 2621 per
1069 2537 1174 2603 unius
1195 2539 1352 2621 integrae

168 2637 258 2704 borae
280 2641 431 2723 spatium
453 2642 565 2705 tenni:
592 2649 627 2706 et
649 2662 816 2706 conversa
837 2642 897 2706 ille
919 2641 963 2705 ad
985 2661 1039 2705 me
1062 2640 1151 2706 facie
1174 2639 1354 2705 indicabat

166 2761 201 2804 ne
222 2742 335 2825 ipsum
358 2743 565 2808 desererem.
610 2744 783 2829 Imposita
804 2746 971 2828 deinceps
990 2745 1126 2828 pectori
1151 2744 1227 2809 eius
1248 2765 1352 2810 manu

97 2865 102 2871 ·
163 2861 228 2907 mea
254 2844 471 2928 deprehendi
495 2848 644 2913 enimam
669 2850 745 2914 eius
771 2851 839 2913 iam
863 2848 1026 2913 faucibus
1046 2848 1194 2914 vicinam
1219 2848 1353 2914 abitum

159 2960 274 3022 parare
291 2947 334 3013 de
352 2967 415 3013 suo
432 2949 666 3032 receptaculo.

636 3135 758 3203 Garun
781 3136 867 3203 XX.

237 3272 286 3338 Ut
306 3279 423 3338 autem
445 3275 628 3356 conspexit
647 3296 700 3339 me
723 3282 834 3340 mater
854 3296 931 3341 mea
945 3276 1040 3359 virgo
1062 3279 1262 3357 tangentem
1280 3293 1353 3339 cor·

143 3384 207 3447 lus
225 3377 314 3457 eius,
332 3378 452 3460 tetigit
468 3383 503 3443 et
517 3378 580 3443 illa
590 3378 708 3462 pedes.
732 3377 852 3463 Atque
869 3380 1051 3444 inveniens
1068 3378 1148 3443 illos
1165 3378 1233 3443 iam
1245 3397 1353 3442 emor·

141 3471 232 3543 tuos
254 3486 288 3545 et
309 3480 423 3545 calore
447 3481 653 3564 destitutos,
677 3482 766 3549 dixit
787 3482 887 3548 mihi:
920 3481 949 3548 0
971 3482 1021 3547 fili
1042 3483 1089 3546 mi
1110 3481 1254 3563 dilecte,
1274 3501 1352 3564 pro·

139 3568 246 3647 lecto
274 3583 450 3666 incipiunt
479 3585 546 3649 iam
571 3584 679 3668 pedes
705 3587 780 3651 eius
807 3585 996 3670 frigescere
1023 3592 1059 3650 et
1082 3585 1171 3649 nivis
1198 3583 1352 3667 algorem

138 3673 343 3751 imitantur.
374 3685 528 3751 Proinde
551 3689 749 3753 convocatis
766 3687 848 3753 filiis
870 3693 905 3753 et
921 3687 1059 3753 filiabus
1082 3687 1158 3752 eius
1176 3685 1264 3750 dixit
1285 3685 1351 3750 eis:

138 3775 281 3854 Venite
305 3795 478 3872 quotquot
500 3791 585 3855 estis
608 3796 644 3856 et
663 3790 821 3856 accedite
843 3792 886 3856 ad
907 3797 1042 3874 patrem
1062 3796 1230 3855 restrum:
1257 3793 1351 3854 certe

141 3889 250 3956 enim
267 3892 309 3957 ad
330 3899 484 3956 extrema
504 3915 598 3958 nuno
618 3900 822 3977 perventum
844 3900 907 3958 est.
937 3894 1136 3977 Respondit
1150 3890 1259 3959 Assia
1279 3891 1353 3957 filia

144 3988 406 4079 eius(losephi)
417 3994 552 4059 diceus:
569 3996 644 4064 Vae
660 3996 756 4080 mihi,
774 3997 932 4062 ofratres
948 3997 1027 4079 mei,
1045 3997 1167 4080 utique
1184 3995 1242 4060 hic
1258 3995 1352 4060 idem

228 4204 253 4267 6)
269 4204 359 4271 Pergit
364 4205 452 4271 Zoega
460 4223 465 4251 r
476 4205 551 4254 Haec
559 4206 666 4255 audiens
672 4206 745 4255 Iecur
749 4207 850 4271 plorat,
860 4222 941 4255 rocam
949 4211 1073 4269 reputare
1082 4206 1278 4256 mnoribcdioem
1286 4222 1351 4255 mor·

158 4285 194 4335 rin
211 4291 304 4338 etdiem
316 4292 416 4355 qaam
428 4290 521 4339 ludaei
539 4307 592 4339 eum
604 4307 656 4353 pro
673 4291 756 4341 salute
774 4293 852 4342 totius
867 4292 953 4341 menda·
970 4293 997 4340 in
1009 4308 1107 4341 crucem
1123 4296 1206 4341 erent
1216 4292 1351 4340 sublaturi.

165 4371 227 4421 Hoc
238 4381 304 4424 cocat
313 4381 418 4425 mairem
430 4393 508 4425 maro.

230 4457 256 4521 7)
273 4461 361 4527 Pergit
371 4462 470 4526 Zoega:
484 4463 665 4527 conciduntque
676 4463 731 4527 ipre
739 4463 775 4511 od
785 4467 870 4524 eaput,
882 4462 933 4511 illo
942 4463 977 4511 od
983 4463 1063 4528 pedes
1073 4463 1175 4524 lorepli
1184 4464 1350 4527 aponimotie.

1102 4544 1137 4596 9·
1267 4538 1275 4552 ⁸
