2962 4912
613 333 886 387 rsonroounus.
1286 353 1352 398 m

235 509 312 552 ram
334 487 376 553 ad
398 484 604 570 reliquorum
631 485 780 551 codicum
804 491 931 551 textum
953 486 1089 569 propius
1111 485 1267 551 accedere
1291 506 1352 550 nec

233 599 405 684 indignam
429 620 514 682 quae
536 604 793 680 recognoscatur
817 618 888 663 esse
911 597 999 663 dicit.

175 729 211 774 rr
235 711 258 775 i.
275 733 303 776 e.
317 710 425 776 Paris.
439 709 522 793 Reg.
538 731 626 775 nune
640 707 778 775 Nation.
796 711 886 773 1174.
902 707 1021 774 saeculi
1040 707 1135 788 XII.
1157 706 1309 774 'Philonis
1320 729 1350 773 n.

237 820 448 905 Scripturam
471 823 541 886 sius
564 822 695 887 selectis
716 821 799 886 locis
821 822 952 886 notavit
975 819 1081 885 Thilo.

182 953 213 997 re
236 936 259 998 ‘a
276 954 302 998 e.
318 934 425 1000 Paris.
441 934 522 1017 Reg.
538 954 626 998 nuno
640 932 776 998 Nation.
788 934 846 997 117
850 936 879 996 6.
896 930 1019 997 saeculi
1028 931 1145 1012 XHL,
1161 931 1310 997 Thilonis
1319 952 1350 996 11.

235 1045 351 1110 Etiam
378 1046 467 1111 hunc
495 1044 626 1110 selectis
653 1044 734 1110 locis
757 1043 855 1108 Thilo
881 1044 1030 1108 contulit.
1074 1044 1258 1109 Praeterea
1279 1043 1350 1125 ipse

233 1157 367 1222 initium
390 1164 425 1223 et
445 1157 544 1222 finem
567 1157 736 1239 descripsi.

186 1288 211 1332 o
236 1269 258 1334 i.
273 1291 301 1334 1.
316 1269 576 1335 Mediolanensis
591 1269 834 1334 Ambrosianus
848 1266 882 1331 A
898 1268 948 1332 63.
981 1266 1044 1332 Inf.
1061 1266 1184 1331 saeculi
1199 1266 1268 1331 fero
1283 1264 1351 1331 XJ.

236 1381 343 1445 Primi
360 1382 479 1464 capitis
497 1381 599 1446 verba
614 1379 681 1465 *ep
705 1385 785 1442 ταῖσ
806 1382 970 1463 idropicus
992 1398 1098 1461 usquc
1122 1377 1179 1442 οὐκ
1197 1380 1351 1442 {urciano

236 1495 274 1577 ἑμ
297 1487 350 1575 τῷ
368 1492 506 1577 Ἰσραήλ
527 1492 751 1575 transscripsi,
773 1493 855 1557 item
877 1496 977 1573 caput
999 1497 1191 1555 extremum.

190 1642 212 1686 n
237 1623 259 1688 i.
279 1645 306 1687 e.
329 1620 510 1687 Mediolon.
531 1620 686 1686 Ambros.
715 1619 742 1686 O
765 1619 972 1702 92.‚''codice
995 1638 1015 1684 0
1044 1617 1154 1702 paullo
1176 1620 1350 1684 recentior.

236 1731 464 1815 Transscripsi
484 1731 560 1797 inde
577 1731 645 1816 Ὲμ
668 1738 749 1795 roto
770 1734 934 1814 ῖστορῐαισ
956 1751 1061 1814 usque
1085 1728 1104 1793 si
1128 1728 1209 1813 εὐχή
1233 1736 1351 1814 Βρὼμα

236 1850 289 1908 καὶ
311 1842 419 1928 wopa,
442 1845 522 1909 item
545 1850 645 1926 caput
668 1842 785 1911 XXV.

187 1992 212 2046 o
239 1973 259 2037 i.
275 1993 303 2037 e.
323 1971 472 2038 Venetus
495 1969 659 2036 Marcian.
679 1970 781 2034 class.
796 1968 876 2035 VII.
899 1990 986 2033 num.
1008 1967 1083 2032 XL.
1106 1966 1228 2032 saeculi
1251 1965 1350 2034 XVI.

233 2084 289 2149 De
312 2105 351 2149 ao
374 2082 551 2165 exponitur
572 2082 607 2145 in
630 2081 780 2164 catalogo
804 2079 953 2146 codicum
971 2100 1163 2162 graecorum
1178 2078 1266 2161 apud
1280 2076 1350 2143 Na·

236 2197 311 2260 nios
336 2198 581 2260 asservatorum
603 2214 677 2276 pag.
693 2194 764 2258 355.
788 2192 848 2257 sub
872 2213 1009 2257 numero
1031 2190 1151 2258 CLVI.
1195 2190 1350 2255 Habetur

235 2306 388 2372 enimin
417 2327 455 2371 eo
484 2304 595 2371 codice
618 2305 692 2370 loco
715 2302 823 2370 XIII.
845 2325 920 2387 pag.
940 2305 1009 2368 153.
1054 2301 1180 2387 Αόγοσ
1208 2305 1260 2364 εῑσ
1287 2300 1349 2385 reip

234 2419 478 2502 Βρεῴοκτομίαμ
509 2415 607 2500 ωαρὰ
634 2411 697 2480 τοῦ
718 2415 877 2499 Ἡρώδου
906 2409 968 2477 τοῦ
995 2416 1173 2478 eneruem
1199 2419 1249 2476 καὶ
1273 2416 1350 2476 δυσ-

234 2524 376 2594 σεΒοῦσ.
414 2527 518 2594 Cuius
539 2529 699 2593 sermonis
717 2528 849 2591 initium
868 2528 1043 2589 Κέλευσισ
1062 2527 1098 2588 δὲ
1117 2519 1256 2608 ἑῑῆλθεμ
1277 2522 1351 2586 fimo

234 2640 444 2724 λῡγούστου
477 2644 562 2722 (cap.
590 2637 724 2721 XVH.)
758 2659 862 2721 usque
895 2636 1105 2722 αῑσχύμομαι,
1142 2637 1222 2701 item
1253 2635 1351 2701 finem

231 2756 286 2816 καὶ
307 2750 531 2837 ἆωήγγειλαμ
551 2751 600 2814 ὅτι
621 2752 796 2835 Ζαχαρῐασ
815 2749 1027 2834 ωεῴὀμευται
1049 2753 1135 2831 (cap.
1150 2745 1287 2827 XXIV,
1307 2750 1349 2830 3.)

234 2884 343 2947 nsque
366 2868 445 2947 ωρῐμ
470 2864 523 2946 ἴδῃ
551 2861 612 2946 τὸμ
636 2860 784 2946 Χριστόμ
814 2864 850 2945 ἑμ
879 2865 987 2945 σαρκί,
1016 2882 1082 2925 una
1106 2881 1180 2924 cum
1204 2859 1351 2924 clausula

234 2973 304 3058 ped
341 2971 378 3038 οἷ
411 2969 463 3057 τῷ
496 2979 603 3058 ωατρῐ
636 2973 714 3056 δόῑα
746 2971 805 3057 culp
836 2968 891 3057 τῷ
924 2972 1062 3057 ἁμᾶρχῳ
1096 2976 1147 3035 καὶ
1181 2973 1349 3056 ωαμαγίῳ

234 3085 417 3170 ωμεύματι,
441 3079 498 3169 μῦμ
522 3089 571 3148 καὶ
595 3083 648 3148 det
670 3089 720 3148 καὶ
744 3087 797 3148 εῖσ
818 3083 905 3148 τοὺσ
928 3087 1069 3168 αῑῶμασ,
1094 3082 1336 3166 descripsimus.

186 3234 211 3278 n
237 3215 257 3278 i.
274 3234 301 3278 e.
321 3211 514 3278 Dresdanus
537 3212 658 3277 A187.
696 3210 808 3277 Codex
831 3215 882 3276 est
904 3211 985 3275 satis
1007 3231 1122 3276 recens
1138 3208 1270 3292 quidem
1294 3208 1351 3274 sed

236 3325 301 3389 nisi
332 3323 428 3388 fallor
459 3324 494 3387 in
525 3329 635 3389 monte
668 3321 830 3389 Sinaitico
863 3322 1014 3406 scriptus.
1067 3321 1110 3386 In
1141 3320 1248 3386 altera
1279 3320 1350 3385 eius

234 3440 331 3519 parte
362 3457 436 3518 pag.
464 3437 549 3516 276„
579 3436 762 3519 praemissa
793 3440 873 3500 nota
905 3436 1111 3518 Εεωτευρίῳ
1138 3441 1174 3509 ἡ,
1209 3433 1351 3498 habetur

227 3545 375 3631 Ἰστορία
390 3546 553 3610 Ἰακώθου
582 3545 701 3610 εῑσ-τὸ
728 3549 887 3632 γεμέσιομ
911 3541 978 3608 reio
999 3548 1184 3631 ωαμαγῐασ
1206 3545 1350 3607 leemos-

236 3681 301 3743 μ11σ
323 3655 417 3743 ᾗμὼμ
442 3657 605 3722 θεοτόκου
628 3663 677 3721 καὶ
701 3657 753 3722 del
776 3659 951 3743 ωαρθέμου
974 3659 1123 3742 Μαρίασ.

257 3785 314 3851 Ad
344 3787 541 3852 varietatem
572 3787 689 3851 tituli
721 3808 786 3870 quo
824 3782 1106 3871 proterangelium
1137 3787 1172 3850 in
1203 3784 1350 3869 antiquis

138 3898 243 3963 libris
267 3898 444 3980 insignitur
467 3898 687 3981 supplementi
710 3919 828 3964 caussa
851 3898 933 3964 haec
957 3897 1050 3963 adde.

141 4158 224 4228 οἶμοι
249 4160 318 4209 roto
341 4154 466 4208 ἅθλῖοισ·
509 4151 628 4226 ὄμειδοσ
655 4149 862 4227 ἑγεμμέθμμεμ
887 4159 953 4207 τοῑσ
976 4158 1050 4206 υἱοῖσ
1068 4149 1201 4221 Ἰσραήλ,
1229 4151 1270 4204 καί
1299 4149 1351 4204 οὐκ

141 4244 240 4316 ἑσμὲμ
266 4239 335 4311 <ipos
356 4243 406 4314 ῗμα
430 4241 544 4311 ceusu·
569 4242 610 4295 καὶ
636 4242 723 4313 ἡμῶμ
750 4239 847 4310 ulpino
869 4242 886 4293 ὁ
910 4239 983 4294 θεὸσ
1004 4238 1042 4293 τὰ
1061 4238 1156 4309 δῶρα,
1184 4238 1226 4292 καὶ
1245 4235 1350 4309 ὁεκτέψ

138 4329 287 4401 γεμὲσθω
307 4324 364 4399 reip
383 4327 485 4399 θυσῑαμ
506 4325 593 4399 ἡμώμ
613 4327 750 4399 ἑμὼωιομ
771 4326 876 4387 αὑτοῦ,
902 4327 1003 4379 καθὼσ
1025 4325 1142 4394 ἐδέξατο
1166 4321 1223 4395 reip
1248 4323 1348 4394 θυσὶαμ

137 4412 200 4467 τοῦ
216 4408 347 4481 ωατρὸσ
365 4411 452 4484 ἡμώμ
465 4412 603 4483 ’λΒραάμ
622 4421 675 4468 etc.
