<?xml version="1.0" encoding="UTF-8"?>
<!DOCTYPE html PUBLIC "-//W3C//DTD XHTML 1.0 Transitional//EN"
    "http://www.w3.org/TR/xhtml1/DTD/xhtml1-transitional.dtd">
<html xmlns="http://www.w3.org/1999/xhtml" xml:lang="en" lang="en">
 <head>
  <title>
</title>
<meta http-equiv="Content-Type" content="text/html;charset=utf-8" />
  <meta name='ocr-system' content='tesseract 3.04.00' />
  <meta name='ocr-capabilities' content='ocr_page ocr_carea ocr_par ocr_line ocrx_word'/>
</head>
<body>
  <div class='ocr_page' id='page_1' title='image "./evangeliaapocry00tiscgoog_0048.png"; bbox 0 0 2962 4912; ppageno 0'>
   <div class='ocr_carea' id='block_1_1' title="bbox 579 337 1314 400">
    <p class='ocr_par' dir='ltr' id='par_1_1' title="bbox 579 337 1314 400">
     <span class='ocr_line' id='line_1_1' title="bbox 579 337 1314 400; baseline 0.001 -14"><span class='ocrx_word' id='word_1_1' title='bbox 579 337 850 389; x_wconf 72' lang='lat' dir='ltr'>Pssohsaonssnnn.</span> <span class='ocrx_word' id='word_1_2' title='bbox 1223 355 1314 400; x_wconf 76' lang='lat' dir='ltr'>mn</span> 
     </span>
    </p>
   </div>
   <div class='ocr_carea' id='block_1_2' title="bbox 137 486 1315 1591">
    <p class='ocr_par' dir='ltr' id='par_1_2' title="bbox 139 486 1313 794">
     <span class='ocr_line' id='line_1_2' title="bbox 139 486 1312 578; baseline -0.002 -21"><span class='ocrx_word' id='word_1_3' title='bbox 139 487 352 578; x_wconf 75' lang='lat' dir='ltr'><strong>praefationem</strong></span> <span class='ocrx_word' id='word_1_4' title='bbox 375 487 499 570; x_wconf 87' lang='lat' dir='ltr'>excipit</span> <span class='ocrx_word' id='word_1_5' title='bbox 520 486 740 571; x_wconf 74' lang='lat' dir='ltr'><strong>fragmentum</strong></span> <span class='ocrx_word' id='word_1_6' title='bbox 761 487 920 555; x_wconf 83' lang='lat' dir='ltr'>Ootelerii</span> <span class='ocrx_word' id='word_1_7' title='bbox 944 510 1018 554; x_wconf 90' lang='lat' dir='ltr'>oum</span> <span class='ocrx_word' id='word_1_8' title='bbox 1041 489 1128 555; x_wconf 88' lang='lat' dir='ltr'>notis</span> <span class='ocrx_word' id='word_1_9' title='bbox 1150 489 1312 569; x_wconf 79' lang='lat' dir='ltr'>Fabricii3</span> 
     </span>
     <span class='ocr_line' id='line_1_3' title="bbox 140 598 1313 681; baseline 0.001 -18"><span class='ocrx_word' id='word_1_10' title='bbox 140 612 193 670; x_wconf 78' lang='lat' dir='ltr'>tun</span> <span class='ocrx_word' id='word_1_11' title='bbox 215 599 360 681; x_wconf 87' lang='lat' dir='ltr'>sequitur</span> <span class='ocrx_word' id='word_1_12' title='bbox 382 605 494 664; x_wconf 85' lang='lat' dir='ltr'>textus</span> <span class='ocrx_word' id='word_1_13' title='bbox 515 598 736 664; x_wconf 79' lang='lat' dir='ltr'>Bononiensis</span> <span class='ocrx_word' id='word_1_14' title='bbox 763 622 838 664; x_wconf 91' lang='lat' dir='ltr'>cum</span> <span class='ocrx_word' id='word_1_15' title='bbox 865 601 968 666; x_wconf 86' lang='lat' dir='ltr'>latina</span> <span class='ocrx_word' id='word_1_16' title='bbox 994 602 1144 666; x_wconf 85' lang='lat' dir='ltr'>versione</span> <span class='ocrx_word' id='word_1_17' title='bbox 1168 605 1202 666; x_wconf 86' lang='lat' dir='ltr'>et</span> <span class='ocrx_word' id='word_1_18' title='bbox 1223 603 1313 666; x_wconf 93' lang='lat' dir='ltr'>notis</span> 
     </span>
     <span class='ocr_line' id='line_1_4' title="bbox 141 709 328 794; baseline -0.053 -12"><span class='ocrx_word' id='word_1_19' title='bbox 141 709 328 794; x_wconf 81' lang='lat' dir='ltr'>llingarellii.</span> 
     </span>
    </p>

    <p class='ocr_par' dir='ltr' id='par_1_3' title="bbox 137 837 1315 1591">
     <span class='ocr_line' id='line_1_5' title="bbox 201 837 1313 922; baseline -0.001 -18"><span class='ocrx_word' id='word_1_20' title='bbox 201 838 234 904; x_wconf 76' lang='lat' dir='ltr'>A</span> <span class='ocrx_word' id='word_1_21' title='bbox 259 837 471 922; x_wconf 89' lang='lat' dir='ltr'>Mingarellio</span> <span class='ocrx_word' id='word_1_22' title='bbox 500 839 543 904; x_wconf 88' lang='lat' dir='ltr'>ad</span> <span class='ocrx_word' id='word_1_23' title='bbox 572 839 650 904; x_wconf 88' lang='lat' dir='ltr'>clar.</span> <span class='ocrx_word' id='word_1_24' title='bbox 671 838 882 905; x_wconf 80' lang='lat' dir='ltr'>Thilonem</span> <span class='ocrx_word' id='word_1_25' title='bbox 908 841 1148 906; x_wconf 88' lang='lat' dir='ltr'>transeundum</span> <span class='ocrx_word' id='word_1_26' title='bbox 1172 847 1231 906; x_wconf 88' lang='lat' dir='ltr'>est.</span> <span class='ocrx_word' id='word_1_27' title='bbox 1276 838 1313 904; x_wconf 89' lang='lat' dir='ltr'>Is</span> 
     </span>
     <span class='ocr_line' id='line_1_6' title="bbox 139 947 1313 1038; baseline 0 -21"><span class='ocrx_word' id='word_1_28' title='bbox 139 955 249 1038; x_wconf 85' lang='lat' dir='ltr'>praeter</span> <span class='ocrx_word' id='word_1_29' title='bbox 278 947 523 1016; x_wconf 89' lang='lat' dir='ltr'>Bononiensem</span> <span class='ocrx_word' id='word_1_30' title='bbox 556 950 701 1017; x_wconf 84' lang='lat' dir='ltr'>codicem</span> <span class='ocrx_word' id='word_1_31' title='bbox 732 973 752 1017; x_wconf 92' lang='lat' dir='ltr'>a</span> <span class='ocrx_word' id='word_1_32' title='bbox 782 951 993 1036; x_wconf 86' lang='lat' dir='ltr'>Mingarellio</span> <span class='ocrx_word' id='word_1_33' title='bbox 1029 956 1313 1035; x_wconf 89' lang='lat' dir='ltr'>repraesentatum</span> 
     </span>
     <span class='ocr_line' id='line_1_7' title="bbox 139 1060 1314 1146; baseline -0.003 -15"><span class='ocrx_word' id='word_1_34' title='bbox 139 1061 265 1131; x_wconf 86' lang='lat' dir='ltr'>adhibuit</span> <span class='ocrx_word' id='word_1_35' title='bbox 300 1060 404 1127; x_wconf 88' lang='lat' dir='ltr'>alium</span> <span class='ocrx_word' id='word_1_36' title='bbox 440 1061 498 1127; x_wconf 90' lang='lat' dir='ltr'>sed</span> <span class='ocrx_word' id='word_1_37' title='bbox 528 1083 690 1146; x_wconf 89' lang='lat' dir='ltr'>perquam</span> <span class='ocrx_word' id='word_1_38' title='bbox 720 1062 876 1142; x_wconf 89' lang='lat' dir='ltr'>similem,</span> <span class='ocrx_word' id='word_1_39' title='bbox 913 1062 1154 1146; x_wconf 85' lang='lat' dir='ltr'>Dresdensem,</span> <span class='ocrx_word' id='word_1_40' title='bbox 1190 1063 1314 1128; x_wconf 88' lang='lat' dir='ltr'>saeculi</span> 
     </span>
     <span class='ocr_line' id='line_1_8' title="bbox 137 1170 1313 1259; baseline -0.002 -18"><span class='ocrx_word' id='word_1_41' title='bbox 137 1176 187 1242; x_wconf 85' lang='lat' dir='ltr'>iero</span> <span class='ocrx_word' id='word_1_42' title='bbox 208 1170 316 1252; x_wconf 83' lang='lat' dir='ltr'>XVI,</span> <span class='ocrx_word' id='word_1_43' title='bbox 340 1174 505 1256; x_wconf 88' lang='lat' dir='ltr'>signatum</span> <span class='ocrx_word' id='word_1_44' title='bbox 527 1174 563 1237; x_wconf 91' lang='lat' dir='ltr'>in</span> <span class='ocrx_word' id='word_1_45' title='bbox 585 1173 663 1239; x_wconf 91' lang='lat' dir='ltr'>bibl.</span> <span class='ocrx_word' id='word_1_46' title='bbox 686 1174 769 1259; x_wconf 87' lang='lat' dir='ltr'>Reg.</span> <span class='ocrx_word' id='word_1_47' title='bbox 787 1174 821 1238; x_wconf 90' lang='lat' dir='ltr'>A</span> <span class='ocrx_word' id='word_1_48' title='bbox 846 1176 915 1239; x_wconf 78' lang='grc'><strong>187.</strong></span> <span class='ocrx_word' id='word_1_49' title='bbox 936 1175 957 1239; x_wconf 82' lang='grc'>1.</span> <span class='ocrx_word' id='word_1_50' title='bbox 975 1195 1000 1239; x_wconf 93' lang='lat' dir='ltr'>e.</span> <span class='ocrx_word' id='word_1_51' title='bbox 1024 1175 1163 1240; x_wconf 87' lang='lat' dir='ltr'>eundem</span> <span class='ocrx_word' id='word_1_52' title='bbox 1185 1174 1225 1239; x_wconf 90' lang='lat' dir='ltr'>de</span> <span class='ocrx_word' id='word_1_53' title='bbox 1248 1194 1313 1258; x_wconf 91' lang='lat' dir='ltr'>quo</span> 
     </span>
     <span class='ocr_line' id='line_1_9' title="bbox 137 1284 1312 1369; baseline -0.002 -16"><span class='ocrx_word' id='word_1_54' title='bbox 137 1305 216 1368; x_wconf 85' lang='lat' dir='ltr'>snpra</span> <span class='ocrx_word' id='word_1_55' title='bbox 237 1285 279 1349; x_wconf 88' lang='lat' dir='ltr'>ad</span> <span class='ocrx_word' id='word_1_56' title='bbox 299 1284 583 1369; x_wconf 76' lang='lat' dir='ltr'>proterangelium</span> <span class='ocrx_word' id='word_1_57' title='bbox 604 1284 754 1368; x_wconf 85' lang='lat' dir='ltr'>diximus,</span> <span class='ocrx_word' id='word_1_58' title='bbox 777 1284 870 1349; x_wconf 90' lang='lat' dir='ltr'>cuius</span> <span class='ocrx_word' id='word_1_59' title='bbox 893 1285 1104 1351; x_wconf 89' lang='lat' dir='ltr'>collationem</span> <span class='ocrx_word' id='word_1_60' title='bbox 1127 1287 1224 1351; x_wconf 88' lang='lat' dir='ltr'>amici</span> <span class='ocrx_word' id='word_1_61' title='bbox 1246 1293 1312 1351; x_wconf 91' lang='lat' dir='ltr'>stu-</span> 
     </span>
     <span class='ocr_line' id='line_1_10' title="bbox 137 1395 1315 1480; baseline -0.002 -16"><span class='ocrx_word' id='word_1_62' title='bbox 137 1399 182 1464; x_wconf 89' lang='lat' dir='ltr'>diis</span> <span class='ocrx_word' id='word_1_63' title='bbox 209 1395 359 1462; x_wconf 88' lang='lat' dir='ltr'>debebat.</span> <span class='ocrx_word' id='word_1_64' title='bbox 403 1395 459 1460; x_wconf 90' lang='lat' dir='ltr'>Ad</span> <span class='ocrx_word' id='word_1_65' title='bbox 490 1396 777 1479; x_wconf 89' lang='lat' dir='ltr'>commentarium,</span> <span class='ocrx_word' id='word_1_66' title='bbox 808 1396 844 1460; x_wconf 92' lang='lat' dir='ltr'>in</span> <span class='ocrx_word' id='word_1_67' title='bbox 874 1416 939 1479; x_wconf 91' lang='lat' dir='ltr'>quo</span> <span class='ocrx_word' id='word_1_68' title='bbox 971 1417 1072 1480; x_wconf 90' lang='lat' dir='ltr'>quum</span> <span class='ocrx_word' id='word_1_69' title='bbox 1103 1396 1249 1462; x_wconf 85' lang='lat' dir='ltr'>Fabricii</span> <span class='ocrx_word' id='word_1_70' title='bbox 1281 1405 1315 1462; x_wconf 88' lang='lat' dir='ltr'>et</span> 
     </span>
     <span class='ocr_line' id='line_1_11' title="bbox 137 1506 1314 1591; baseline -0.002 -17"><span class='ocrx_word' id='word_1_71' title='bbox 137 1507 321 1590; x_wconf 83' lang='lat' dir='ltr'>llingarellii</span> <span class='ocrx_word' id='word_1_72' title='bbox 349 1513 419 1572; x_wconf 90' lang='lat' dir='ltr'>tum</span> <span class='ocrx_word' id='word_1_73' title='bbox 448 1529 525 1572; x_wconf 90' lang='lat' dir='ltr'>suas</span> <span class='ocrx_word' id='word_1_74' title='bbox 552 1514 649 1573; x_wconf 87' lang='lat' dir='ltr'>notas</span> <span class='ocrx_word' id='word_1_75' title='bbox 672 1507 775 1588; x_wconf 81' lang='lat' dir='ltr'>dedit,</span> <span class='ocrx_word' id='word_1_76' title='bbox 803 1506 955 1573; x_wconf 82' lang='lat' dir='ltr'>adhibuit</span> <span class='ocrx_word' id='word_1_77' title='bbox 977 1507 1200 1591; x_wconf 80' lang='lat' dir='ltr'>fragmentum</span> <span class='ocrx_word' id='word_1_78' title='bbox 1221 1509 1314 1573; x_wconf 91' lang='lat' dir='ltr'>Pari·</span> 
     </span>
    </p>
   </div>
   <div class='ocr_carea' id='block_1_3' title="bbox 137 1618 1420 1703">
    <p class='ocr_par' dir='ltr' id='par_1_4' title="bbox 137 1618 1420 1703">
     <span class='ocr_line' id='line_1_12' title="bbox 137 1618 1420 1703; baseline -0.002 -18"><span class='ocrx_word' id='word_1_79' title='bbox 137 1622 224 1686; x_wconf 87' lang='lat' dir='ltr'>siense</span> <span class='ocrx_word' id='word_1_80' title='bbox 247 1623 349 1701; x_wconf 89' lang='lat' dir='ltr'>atque</span> <span class='ocrx_word' id='word_1_81' title='bbox 372 1618 463 1685; x_wconf 88' lang='lat' dir='ltr'>aliud</span> <span class='ocrx_word' id='word_1_82' title='bbox 484 1618 757 1699; x_wconf 87' lang='lat' dir='ltr'>Vindobonense,</span> <span class='ocrx_word' id='word_1_83' title='bbox 779 1619 903 1701; x_wconf 88' lang='lat' dir='ltr'>passim</span> <span class='ocrx_word' id='word_1_84' title='bbox 925 1621 992 1683; x_wconf 89' lang='lat' dir='ltr'>iam</span> <span class='ocrx_word' id='word_1_85' title='bbox 1015 1640 1035 1684; x_wconf 86' lang='lat' dir='ltr'>a</span> <span class='ocrx_word' id='word_1_86' title='bbox 1055 1619 1215 1685; x_wconf 80' lang='lat' dir='ltr'>Fabricio</span> <span class='ocrx_word' id='word_1_87' title='bbox 1238 1641 1314 1684; x_wconf 89' lang='lat' dir='ltr'>oon·</span> <span class='ocrx_word' id='word_1_88' title='bbox 1416 1696 1420 1703; x_wconf 31' lang='grc' dir='ltr'>Ι</span> 
     </span>
    </p>
   </div>
   <div class='ocr_carea' id='block_1_4' title="bbox 138 1729 1315 2482">
    <p class='ocr_par' dir='ltr' id='par_1_5' title="bbox 138 1729 1315 2482">
     <span class='ocr_line' id='line_1_13' title="bbox 138 1729 1314 1813; baseline -0.004 -15"><span class='ocrx_word' id='word_1_89' title='bbox 138 1732 252 1812; x_wconf 83' lang='lat' dir='ltr'>sultam,</span> <span class='ocrx_word' id='word_1_90' title='bbox 283 1729 373 1813; x_wconf 92' lang='lat' dir='ltr'>quod</span> <span class='ocrx_word' id='word_1_91' title='bbox 395 1730 576 1796; x_wconf 86' lang='lat' dir='ltr'>Lambeoio</span> <span class='ocrx_word' id='word_1_92' title='bbox 605 1730 752 1795; x_wconf 85' lang='lat' dir='ltr'>debetur.</span> <span class='ocrx_word' id='word_1_93' title='bbox 797 1729 864 1795; x_wconf 90' lang='lat' dir='ltr'>Hic</span> <span class='ocrx_word' id='word_1_94' title='bbox 892 1732 979 1796; x_wconf 89' lang='lat' dir='ltr'>enirn</span> <span class='ocrx_word' id='word_1_95' title='bbox 1007 1732 1042 1795; x_wconf 95' lang='lat' dir='ltr'>in</span> <span class='ocrx_word' id='word_1_96' title='bbox 1065 1731 1247 1798; x_wconf 77' lang='lat' dir='ltr'>Comment.</span> <span class='ocrx_word' id='word_1_97' title='bbox 1274 1729 1314 1794; x_wconf 91' lang='lat' dir='ltr'>dc</span> 
     </span>
     <span class='ocr_line' id='line_1_14' title="bbox 139 1840 1315 1926; baseline -0.003 -16"><span class='ocrx_word' id='word_1_98' title='bbox 139 1842 198 1910; x_wconf 90' lang='lat' dir='ltr'>bibl</span> <span class='ocrx_word' id='word_1_99' title='bbox 219 1841 313 1908; x_wconf 83' lang='lat' dir='ltr'>Caes.</span> <span class='ocrx_word' id='word_1_100' title='bbox 327 1841 471 1909; x_wconf 90' lang='lat' dir='ltr'>Vindob.</span> <span class='ocrx_word' id='word_1_101' title='bbox 498 1841 553 1907; x_wconf 91' lang='lat' dir='ltr'>lib.</span> <span class='ocrx_word' id='word_1_102' title='bbox 572 1840 654 1910; x_wconf 81' lang='lat' dir='ltr'>VH.</span> <span class='ocrx_word' id='word_1_103' title='bbox 677 1864 708 1925; x_wconf 91' lang='lat' dir='ltr'>p.</span> <span class='ocrx_word' id='word_1_104' title='bbox 732 1845 794 1907; x_wconf 74' lang='grc'>579</span> <span class='ocrx_word' id='word_1_105' title='bbox 817 1864 865 1926; x_wconf 92' lang='lat' dir='ltr'>sq.</span> <span class='ocrx_word' id='word_1_106' title='bbox 893 1864 933 1908; x_wconf 87' lang='lat' dir='ltr'>ex</span> <span class='ocrx_word' id='word_1_107' title='bbox 961 1842 1030 1908; x_wconf 86' lang='lat' dir='ltr'>cod.</span> <span class='ocrx_word' id='word_1_108' title='bbox 1053 1841 1170 1926; x_wconf 89' lang='lat' dir='ltr'>philos.</span> <span class='ocrx_word' id='word_1_109' title='bbox 1197 1862 1315 1925; x_wconf 89' lang='lat' dir='ltr'>graeco</span> 
     </span>
     <span class='ocr_line' id='line_1_15' title="bbox 140 1952 1315 2037; baseline 0.002 -21"><span class='ocrx_word' id='word_1_110' title='bbox 140 1952 274 2023; x_wconf 75' lang='lat' dir='ltr'>cmv.</span> <span class='ocrx_word' id='word_1_111' title='bbox 290 1953 430 2036; x_wconf 91' lang='lat' dir='ltr'>protulit</span> <span class='ocrx_word' id='word_1_112' title='bbox 446 1953 645 2037; x_wconf 85' lang='lat' dir='ltr'>principium</span> <span class='ocrx_word' id='word_1_113' title='bbox 669 1953 829 2036; x_wconf 81' lang='lat' dir='ltr'>evangelii</span> <span class='ocrx_word' id='word_1_114' title='bbox 845 1953 1002 2036; x_wconf 76' lang='lat' dir='ltr'>Thomas,</span> <span class='ocrx_word' id='word_1_115' title='bbox 1025 1953 1114 2036; x_wconf 91' lang='lat' dir='ltr'>quod</span> <span class='ocrx_word' id='word_1_116' title='bbox 1133 1952 1181 2017; x_wconf 92' lang='lat' dir='ltr'>ibi</span> <span class='ocrx_word' id='word_1_117' title='bbox 1197 1959 1315 2035; x_wconf 90' lang='lat' dir='ltr'>quarto</span> 
     </span>
     <span class='ocr_line' id='line_1_16' title="bbox 140 2064 1315 2149; baseline -0.004 -16"><span class='ocrx_word' id='word_1_118' title='bbox 140 2069 193 2133; x_wconf 85' lang='lat' dir='ltr'>loco</span> <span class='ocrx_word' id='word_1_119' title='bbox 213 2087 233 2130; x_wconf 95' lang='lat' dir='ltr'>a</span> <span class='ocrx_word' id='word_1_120' title='bbox 254 2064 309 2130; x_wconf 83' lang='lat' dir='ltr'>fol.</span> <span class='ocrx_word' id='word_1_121' title='bbox 327 2066 396 2130; x_wconf 82' lang='lat'>180.</span> <span class='ocrx_word' id='word_1_122' title='bbox 419 2084 524 2147; x_wconf 87' lang='lat' dir='ltr'>usque</span> <span class='ocrx_word' id='word_1_123' title='bbox 547 2064 588 2129; x_wconf 85' lang='lat' dir='ltr'>ad</span> <span class='ocrx_word' id='word_1_124' title='bbox 611 2064 665 2129; x_wconf 87' lang='lat' dir='ltr'>fol.</span> <span class='ocrx_word' id='word_1_125' title='bbox 683 2067 762 2147; x_wconf 74' lang='lat'>187,</span> <span class='ocrx_word' id='word_1_126' title='bbox 784 2064 936 2129; x_wconf 90' lang='lat' dir='ltr'>mutilum</span> <span class='ocrx_word' id='word_1_127' title='bbox 955 2065 1087 2149; x_wconf 89' lang='lat' dir='ltr'>quidem</span> <span class='ocrx_word' id='word_1_128' title='bbox 1109 2070 1143 2129; x_wconf 93' lang='lat' dir='ltr'>et</span> <span class='ocrx_word' id='word_1_129' title='bbox 1159 2064 1315 2145; x_wconf 82' lang='lat' dir='ltr'>lacerum,</span> 
     </span>
     <span class='ocr_line' id='line_1_17' title="bbox 141 2173 1314 2262; baseline -0.003 -19"><span class='ocrx_word' id='word_1_130' title='bbox 141 2180 187 2262; x_wconf 81' lang='lat' dir='ltr'>legi</span> <span class='ocrx_word' id='word_1_131' title='bbox 212 2175 378 2240; x_wconf 82' lang='lat' dir='ltr'>indicavit.</span> <span class='ocrx_word' id='word_1_132' title='bbox 424 2173 490 2240; x_wconf 83' lang='lat' dir='ltr'>Sed</span> <span class='ocrx_word' id='word_1_133' title='bbox 520 2181 597 2257; x_wconf 87' lang='lat' dir='ltr'>post</span> <span class='ocrx_word' id='word_1_134' title='bbox 620 2174 792 2240; x_wconf 86' lang='lat' dir='ltr'>Lambeoii</span> <span class='ocrx_word' id='word_1_135' title='bbox 824 2182 973 2258; x_wconf 87' lang='lat' dir='ltr'>tempora</span> <span class='ocrx_word' id='word_1_136' title='bbox 1003 2197 1070 2241; x_wconf 93' lang='lat' dir='ltr'>non</span> <span class='ocrx_word' id='word_1_137' title='bbox 1098 2175 1239 2258; x_wconf 87' lang='lat' dir='ltr'>amplius</span> <span class='ocrx_word' id='word_1_138' title='bbox 1266 2176 1314 2239; x_wconf 91' lang='lat' dir='ltr'>in-</span> 
     </span>
     <span class='ocr_line' id='line_1_18' title="bbox 143 2285 1315 2369; baseline -0.003 -15"><span class='ocrx_word' id='word_1_139' title='bbox 143 2295 250 2356; x_wconf 81' lang='lat' dir='ltr'>ventum</span> <span class='ocrx_word' id='word_1_140' title='bbox 279 2292 344 2367; x_wconf 89' lang='lat' dir='ltr'>est,</span> <span class='ocrx_word' id='word_1_141' title='bbox 371 2285 645 2369; x_wconf 88' lang='lat' dir='ltr'>quemadmodum</span> <span class='ocrx_word' id='word_1_142' title='bbox 670 2287 737 2351; x_wconf 89' lang='lat' dir='ltr'>iam</span> <span class='ocrx_word' id='word_1_143' title='bbox 759 2285 933 2351; x_wconf 87' lang='lat' dir='ltr'>Kollarius</span> <span class='ocrx_word' id='word_1_144' title='bbox 956 2285 999 2351; x_wconf 93' lang='lat' dir='ltr'>ad</span> <span class='ocrx_word' id='word_1_145' title='bbox 1020 2286 1191 2351; x_wconf 89' lang='lat' dir='ltr'>Lambeoii</span> <span class='ocrx_word' id='word_1_146' title='bbox 1213 2286 1315 2351; x_wconf 79' lang='lat' dir='ltr'>uerba</span> 
     </span>
     <span class='ocr_line' id='line_1_19' title="bbox 143 2397 1315 2482; baseline -0.007 -13"><span class='ocrx_word' id='word_1_147' title='bbox 143 2407 224 2469; x_wconf 88' lang='lat' dir='ltr'>notat:</span> <span class='ocrx_word' id='word_1_148' title='bbox 248 2399 407 2482; x_wconf 75' lang='lat' dir='ltr'>,Brustm</span> <span class='ocrx_word' id='word_1_149' title='bbox 427 2399 462 2463; x_wconf 91' lang='lat' dir='ltr'>in</span> <span class='ocrx_word' id='word_1_150' title='bbox 485 2403 654 2481; x_wconf 84' lang='lat' dir='ltr'>posterum</span> <span class='ocrx_word' id='word_1_151' title='bbox 675 2397 761 2462; x_wconf 88' lang='lat' dir='ltr'>liber</span> <span class='ocrx_word' id='word_1_152' title='bbox 783 2398 823 2462; x_wconf 89' lang='lat' dir='ltr'>de</span> <span class='ocrx_word' id='word_1_153' title='bbox 845 2397 988 2463; x_wconf 83' lang='lat' dir='ltr'>infantia</span> <span class='ocrx_word' id='word_1_154' title='bbox 1010 2397 1136 2464; x_wconf 82' lang='lat' dir='ltr'>Christi</span> <span class='ocrx_word' id='word_1_155' title='bbox 1158 2399 1193 2462; x_wconf 93' lang='lat' dir='ltr'>in</span> <span class='ocrx_word' id='word_1_156' title='bbox 1215 2398 1315 2462; x_wconf 89' lang='lat' dir='ltr'>hocce</span> 
     </span>
    </p>
   </div>
   <div class='ocr_carea' id='block_1_5' title="bbox 143 2508 1432 2593">
    <p class='ocr_par' dir='ltr' id='par_1_6' title="bbox 143 2508 1432 2593">
     <span class='ocr_line' id='line_1_20' title="bbox 143 2508 1432 2593; baseline -0.005 -14"><span class='ocrx_word' id='word_1_157' title='bbox 143 2511 229 2579; x_wconf 86' lang='lat' dir='ltr'>codice</span> <span class='ocrx_word' id='word_1_158' title='bbox 247 2515 439 2593; x_wconf 70' lang='lat' dir='ltr'>quaeretur,</span> <span class='ocrx_word' id='word_1_159' title='bbox 462 2509 587 2575; x_wconf 86' lang='lat' dir='ltr'>furisne</span> <span class='ocrx_word' id='word_1_160' title='bbox 609 2509 749 2574; x_wconf 88' lang='lat' dir='ltr'>alicuius</span> <span class='ocrx_word' id='word_1_161' title='bbox 773 2509 894 2574; x_wconf 86' lang='lat' dir='ltr'>scelere</span> <span class='ocrx_word' id='word_1_162' title='bbox 917 2531 960 2574; x_wconf 89' lang='lat' dir='ltr'>an</span> <span class='ocrx_word' id='word_1_163' title='bbox 982 2509 1176 2574; x_wconf 86' lang='lat' dir='ltr'>recentioris</span> <span class='ocrx_word' id='word_1_164' title='bbox 1199 2508 1315 2573; x_wconf 90' lang='lat' dir='ltr'>biblio·</span> <span class='ocrx_word' id='word_1_165' title='bbox 1428 2510 1432 2517; x_wconf 80' lang='grc'><strong><em>’</em></strong></span> 
     </span>
    </p>
   </div>
   <div class='ocr_carea' id='block_1_6' title="bbox 144 2619 1316 3261">
    <p class='ocr_par' dir='ltr' id='par_1_7' title="bbox 144 2619 1316 3261">
     <span class='ocr_line' id='line_1_21' title="bbox 144 2619 1315 2708; baseline -0.002 -22"><span class='ocrx_word' id='word_1_166' title='bbox 144 2625 200 2708; x_wconf 80' lang='lat' dir='ltr'>pegi</span> <span class='ocrx_word' id='word_1_167' title='bbox 216 2622 343 2686; x_wconf 88' lang='lat' dir='ltr'>incuria</span> <span class='ocrx_word' id='word_1_168' title='bbox 365 2621 517 2703; x_wconf 86' lang='lat' dir='ltr'>perierit,</span> <span class='ocrx_word' id='word_1_169' title='bbox 540 2620 649 2685; x_wconf 87' lang='lat' dir='ltr'>dicere</span> <span class='ocrx_word' id='word_1_170' title='bbox 671 2640 739 2685; x_wconf 93' lang='lat' dir='ltr'>non</span> <span class='ocrx_word' id='word_1_171' title='bbox 761 2619 874 2685; x_wconf 86' lang='lat' dir='ltr'>habeo.</span> <span class='ocrx_word' id='word_1_172' title='bbox 920 2619 1004 2686; x_wconf 77' lang='lat' dir='ltr'>Cum</span> <span class='ocrx_word' id='word_1_173' title='bbox 1028 2621 1229 2685; x_wconf 78' lang='grc'><strong>11111687.</strong></span> <span class='ocrx_word' id='word_1_174' title='bbox 1252 2619 1315 2684; x_wconf 91' lang='lat' dir='ltr'>hoc</span> 
     </span>
     <span class='ocr_line' id='line_1_22' title="bbox 145 2729 1315 2818; baseline -0.005 -19"><span class='ocrx_word' id='word_1_175' title='bbox 145 2737 197 2818; x_wconf 83' lang='lat' dir='ltr'>ipso</span> <span class='ocrx_word' id='word_1_176' title='bbox 219 2732 327 2798; x_wconf 88' lang='lat' dir='ltr'>codice</span> <span class='ocrx_word' id='word_1_177' title='bbox 356 2736 506 2797; x_wconf 89' lang='lat' dir='ltr'>uteretur</span> <span class='ocrx_word' id='word_1_178' title='bbox 527 2731 669 2796; x_wconf 89' lang='lat' dir='ltr'>Iacobus</span> <span class='ocrx_word' id='word_1_179' title='bbox 691 2730 834 2813; x_wconf 79' lang='lat' dir='ltr'>Tollius,</span> <span class='ocrx_word' id='word_1_180' title='bbox 866 2731 974 2796; x_wconf 92' lang='lat' dir='ltr'>adhuc</span> <span class='ocrx_word' id='word_1_181' title='bbox 1002 2732 1036 2794; x_wconf 90' lang='lat' dir='ltr'>in</span> <span class='ocrx_word' id='word_1_182' title='bbox 1065 2730 1176 2796; x_wconf 89' lang='lat' dir='ltr'>codice</span> <span class='ocrx_word' id='word_1_183' title='bbox 1206 2729 1315 2794; x_wconf 80' lang='lat' dir='ltr'>salvus</span> 
     </span>
     <span class='ocr_line' id='line_1_23' title="bbox 145 2840 1315 2928; baseline -0.005 -17"><span class='ocrx_word' id='word_1_184' title='bbox 145 2849 294 2928; x_wconf 83' lang='lat' dir='ltr'>supererat.</span> <span class='ocrx_word' id='word_1_185' title='bbox 339 2842 426 2909; x_wconf 85' lang='lat' dir='ltr'>Vide</span> <span class='ocrx_word' id='word_1_186' title='bbox 455 2843 549 2925; x_wconf 89' lang='lat' dir='ltr'>epist.</span> <span class='ocrx_word' id='word_1_187' title='bbox 572 2843 681 2909; x_wconf 88' lang='lat' dir='ltr'>itiner.</span> <span class='ocrx_word' id='word_1_188' title='bbox 704 2842 765 2910; x_wconf 86' lang='lat' dir='ltr'>IV.</span> <span class='ocrx_word' id='word_1_189' title='bbox 793 2865 823 2926; x_wconf 90' lang='lat' dir='ltr'>p.</span> <span class='ocrx_word' id='word_1_190' title='bbox 848 2845 918 2908; x_wconf 89' lang='lat'>100.</span> <span class='ocrx_word' id='word_1_191' title='bbox 962 2840 1084 2907; x_wconf 80' lang='lat' dir='ltr'>Tenzel</span> <span class='ocrx_word' id='word_1_192' title='bbox 1110 2840 1315 2907; x_wconf 89' lang='lat' dir='ltr'>Monatliche</span> 
     </span>
     <span class='ocr_line' id='line_1_24' title="bbox 147 2951 1316 3038; baseline -0.005 -17"><span class='ocrx_word' id='word_1_193' title='bbox 147 2955 394 3038; x_wconf 83' lang='lat' dir='ltr'>Untemedungen</span> <span class='ocrx_word' id='word_1_194' title='bbox 416 2976 444 3020; x_wconf 92' lang='lat' dir='ltr'>a.</span> <span class='ocrx_word' id='word_1_195' title='bbox 469 2957 560 3019; x_wconf 75' lang='grc'><strong>1691.</strong></span> <span class='ocrx_word' id='word_1_196' title='bbox 583 2976 614 3038; x_wconf 94' lang='lat' dir='ltr'>p.</span> <span class='ocrx_word' id='word_1_197' title='bbox 635 2956 725 3018; x_wconf 82' lang='grc'><strong>554.“</strong></span> <span class='ocrx_word' id='word_1_198' title='bbox 769 2954 951 3019; x_wconf 89' lang='lat' dir='ltr'>Praeterea</span> <span class='ocrx_word' id='word_1_199' title='bbox 978 2954 1113 3036; x_wconf 87' lang='lat' dir='ltr'>repetiit</span> <span class='ocrx_word' id='word_1_200' title='bbox 1140 2951 1236 3018; x_wconf 80' lang='lat' dir='ltr'>&#39;Philo</span> <span class='ocrx_word' id='word_1_201' title='bbox 1268 2953 1316 3016; x_wconf 90' lang='lat' dir='ltr'>in·</span> 
     </span>
     <span class='ocr_line' id='line_1_25' title="bbox 146 3064 1316 3149; baseline -0.003 -18"><span class='ocrx_word' id='word_1_202' title='bbox 146 3066 389 3149; x_wconf 85' lang='lat' dir='ltr'>terpretationem</span> <span class='ocrx_word' id='word_1_203' title='bbox 411 3065 617 3148; x_wconf 87' lang='lat' dir='ltr'>Mingarellii</span> <span class='ocrx_word' id='word_1_204' title='bbox 642 3086 662 3129; x_wconf 88' lang='lat' dir='ltr'>a</span> <span class='ocrx_word' id='word_1_205' title='bbox 691 3085 726 3129; x_wconf 91' lang='lat' dir='ltr'>se</span> <span class='ocrx_word' id='word_1_206' title='bbox 757 3072 949 3130; x_wconf 85' lang='lat' dir='ltr'>correctam.</span> <span class='ocrx_word' id='word_1_207' title='bbox 998 3064 1142 3129; x_wconf 80' lang='lat' dir='ltr'>Doctum</span> <span class='ocrx_word' id='word_1_208' title='bbox 1169 3084 1246 3129; x_wconf 84' lang='lat' dir='ltr'>uero</span> <span class='ocrx_word' id='word_1_209' title='bbox 1278 3070 1316 3127; x_wconf 87' lang='lat' dir='ltr'>ut</span> 
     </span>
     <span class='ocr_line' id='line_1_26' title="bbox 146 3175 1267 3261; baseline -0.004 -19"><span class='ocrx_word' id='word_1_210' title='bbox 146 3177 206 3242; x_wconf 86' lang='lat' dir='ltr'>solet</span> <span class='ocrx_word' id='word_1_211' title='bbox 223 3177 478 3261; x_wconf 87' lang='lat' dir='ltr'>disputationem</span> <span class='ocrx_word' id='word_1_212' title='bbox 500 3175 540 3241; x_wconf 90' lang='lat' dir='ltr'>de</span> <span class='ocrx_word' id='word_1_213' title='bbox 562 3176 704 3242; x_wconf 86' lang='lat' dir='ltr'>historia</span> <span class='ocrx_word' id='word_1_214' title='bbox 725 3175 830 3240; x_wconf 90' lang='lat' dir='ltr'>libelli</span> <span class='ocrx_word' id='word_1_215' title='bbox 852 3176 994 3240; x_wconf 87' lang='lat' dir='ltr'>inseruit</span> <span class='ocrx_word' id='word_1_216' title='bbox 1016 3175 1267 3259; x_wconf 86' lang='lat' dir='ltr'>prolegomenis.</span> 
     </span>
    </p>
   </div>
   <div class='ocr_carea' id='block_1_7' title="bbox 207 3301 1152 3386">
    <p class='ocr_par' dir='ltr' id='par_1_8' title="bbox 207 3301 1152 3386">
     <span class='ocr_line' id='line_1_27' title="bbox 207 3301 1152 3386; baseline -0.004 -17"><span class='ocrx_word' id='word_1_217' title='bbox 207 3303 350 3370; x_wconf 88' lang='lat' dir='ltr'>Nostra</span> <span class='ocrx_word' id='word_1_218' title='bbox 372 3303 513 3386; x_wconf 90' lang='lat' dir='ltr'>denique</span> <span class='ocrx_word' id='word_1_219' title='bbox 536 3303 570 3367; x_wconf 93' lang='lat' dir='ltr'>in</span> <span class='ocrx_word' id='word_1_220' title='bbox 593 3302 720 3368; x_wconf 91' lang='lat' dir='ltr'>edendo</span> <span class='ocrx_word' id='word_1_221' title='bbox 743 3302 827 3368; x_wconf 93' lang='lat' dir='ltr'>libro</span> <span class='ocrx_word' id='word_1_222' title='bbox 851 3323 952 3385; x_wconf 90' lang='lat' dir='ltr'>opera</span> <span class='ocrx_word' id='word_1_223' title='bbox 974 3302 1057 3366; x_wconf 90' lang='lat' dir='ltr'>haec</span> <span class='ocrx_word' id='word_1_224' title='bbox 1080 3301 1152 3367; x_wconf 84' lang='lat' dir='ltr'>fuit.</span> 
     </span>
    </p>
   </div>
   <div class='ocr_carea' id='block_1_8' title="bbox 145 3430 1316 3735">
    <p class='ocr_par' dir='ltr' id='par_1_9' title="bbox 145 3430 1316 3735">
     <span class='ocr_line' id='line_1_28' title="bbox 209 3430 1314 3516; baseline -0.003 -19"><span class='ocrx_word' id='word_1_225' title='bbox 209 3431 368 3498; x_wconf 79' lang='lat' dir='ltr'>Textum</span> <span class='ocrx_word' id='word_1_226' title='bbox 390 3453 532 3516; x_wconf 87' lang='lat' dir='ltr'>graece</span> <span class='ocrx_word' id='word_1_227' title='bbox 555 3431 589 3497; x_wconf 84' lang='lat' dir='ltr'>A</span> <span class='ocrx_word' id='word_1_228' title='bbox 604 3432 836 3498; x_wconf 83' lang='lat' dir='ltr'>recensuimus</span> <span class='ocrx_word' id='word_1_229' title='bbox 859 3431 900 3497; x_wconf 92' lang='lat' dir='ltr'>ad</span> <span class='ocrx_word' id='word_1_230' title='bbox 922 3430 1051 3497; x_wconf 88' lang='lat' dir='ltr'>codices</span> <span class='ocrx_word' id='word_1_231' title='bbox 1070 3430 1314 3495; x_wconf 89' lang='lat' dir='ltr'>Bononiensem</span> 
     </span>
     <span class='ocr_line' id='line_1_29' title="bbox 145 3541 1315 3627; baseline -0.005 -17"><span class='ocrx_word' id='word_1_232' title='bbox 145 3550 171 3610; x_wconf 85' lang='lat' dir='ltr'>et</span> <span class='ocrx_word' id='word_1_233' title='bbox 186 3543 408 3627; x_wconf 88' lang='lat' dir='ltr'>Dresdensem,</span> <span class='ocrx_word' id='word_1_234' title='bbox 436 3543 585 3609; x_wconf 90' lang='lat' dir='ltr'>adhibito</span> <span class='ocrx_word' id='word_1_235' title='bbox 614 3544 749 3627; x_wconf 87' lang='lat' dir='ltr'>insuper</span> <span class='ocrx_word' id='word_1_236' title='bbox 774 3543 956 3627; x_wconf 81' lang='lat' dir='ltr'>fragmento</span> <span class='ocrx_word' id='word_1_237' title='bbox 980 3548 1137 3625; x_wconf 91' lang='lat' dir='ltr'>utroque,</span> <span class='ocrx_word' id='word_1_238' title='bbox 1166 3547 1199 3606; x_wconf 86' lang='lat' dir='ltr'>et</span> <span class='ocrx_word' id='word_1_239' title='bbox 1221 3541 1315 3605; x_wconf 87' lang='lat' dir='ltr'>Pari·</span> 
     </span>
     <span class='ocr_line' id='line_1_30' title="bbox 145 3651 1316 3735; baseline -0.003 -16"><span class='ocrx_word' id='word_1_240' title='bbox 145 3657 223 3720; x_wconf 85' lang='lat' dir='ltr'>aiensi</span> <span class='ocrx_word' id='word_1_241' title='bbox 249 3661 281 3721; x_wconf 92' lang='lat' dir='ltr'>et</span> <span class='ocrx_word' id='word_1_242' title='bbox 307 3654 568 3722; x_wconf 88' lang='lat' dir='ltr'>Vindobonensi.</span> <span class='ocrx_word' id='word_1_243' title='bbox 617 3655 671 3720; x_wconf 89' lang='lat' dir='ltr'>Ac</span> <span class='ocrx_word' id='word_1_244' title='bbox 703 3654 973 3720; x_wconf 89' lang='lat' dir='ltr'>Dresdensem</span> <span class='ocrx_word' id='word_1_245' title='bbox 1005 3652 1137 3735; x_wconf 91' lang='lat' dir='ltr'>quidem</span> <span class='ocrx_word' id='word_1_246' title='bbox 1168 3651 1316 3717; x_wconf 89' lang='lat' dir='ltr'>codicem</span> 
     </span>
    </p>
   </div>
   <div class='ocr_carea' id='block_1_9' title="bbox 142 3762 1423 4407">
    <p class='ocr_par' dir='ltr' id='par_1_10' title="bbox 142 3762 1423 4407">
     <span class='ocr_line' id='line_1_31' title="bbox 145 3762 1315 3851; baseline -0.003 -21"><span class='ocrx_word' id='word_1_247' title='bbox 145 3767 239 3831; x_wconf 84' lang='lat' dir='ltr'>iterum</span> <span class='ocrx_word' id='word_1_248' title='bbox 267 3768 331 3851; x_wconf 88' lang='lat' dir='ltr'>ipsi</span> <span class='ocrx_word' id='word_1_249' title='bbox 362 3771 516 3832; x_wconf 87' lang='lat' dir='ltr'>accurate</span> <span class='ocrx_word' id='word_1_250' title='bbox 548 3765 763 3848; x_wconf 89' lang='lat' dir='ltr'>contulimus,</span> <span class='ocrx_word' id='word_1_251' title='bbox 793 3765 879 3831; x_wconf 87' lang='lat' dir='ltr'>unde</span> <span class='ocrx_word' id='word_1_252' title='bbox 907 3765 1030 3848; x_wconf 89' lang='lat' dir='ltr'>passim</span> <span class='ocrx_word' id='word_1_253' title='bbox 1057 3764 1150 3847; x_wconf 91' lang='lat' dir='ltr'>prior</span> <span class='ocrx_word' id='word_1_254' title='bbox 1181 3762 1315 3827; x_wconf 90' lang='lat' dir='ltr'>collatio</span> 
     </span>
     <span class='ocr_line' id='line_1_32' title="bbox 144 3875 1423 3969; baseline -0.003 -28"><span class='ocrx_word' id='word_1_255' title='bbox 144 3877 319 3943; x_wconf 85' lang='lat' dir='ltr'>emendanda</span> <span class='ocrx_word' id='word_1_256' title='bbox 355 3884 444 3959; x_wconf 86' lang='lat' dir='ltr'>erat,</span> <span class='ocrx_word' id='word_1_257' title='bbox 481 3877 755 3960; x_wconf 87' lang='lat' dir='ltr'>quemadmodum</span> <span class='ocrx_word' id='word_1_258' title='bbox 793 3879 896 3959; x_wconf 88' lang='lat' dir='ltr'>ipsius</span> <span class='ocrx_word' id='word_1_259' title='bbox 932 3876 1022 3940; x_wconf 92' lang='lat' dir='ltr'>tituli</span> <span class='ocrx_word' id='word_1_260' title='bbox 1059 3875 1225 3958; x_wconf 88' lang='lat' dir='ltr'>scriptura</span> <span class='ocrx_word' id='word_1_261' title='bbox 1256 3895 1316 3956; x_wconf 90' lang='lat' dir='ltr'>per</span> <span class='ocrx_word' id='word_1_262' title='bbox 1420 3964 1423 3969; x_wconf 68' lang='lat'>,</span> 
     </span>
     <span class='ocr_line' id='line_1_33' title="bbox 144 3981 1315 4071; baseline -0.003 -18"><span class='ocrx_word' id='word_1_263' title='bbox 144 4009 264 4055; x_wconf 87' lang='lat' dir='ltr'>errorem</span> <span class='ocrx_word' id='word_1_264' title='bbox 291 4011 362 4055; x_wconf 86' lang='lat' dir='ltr'>esse</span> <span class='ocrx_word' id='word_1_265' title='bbox 386 3989 508 4054; x_wconf 91' lang='lat' dir='ltr'>dicitur</span> <span class='ocrx_word' id='word_1_266' title='bbox 538 3983 613 4052; x_wconf 80' lang='grc' dir='ltr'>Τοῦ</span> <span class='ocrx_word' id='word_1_267' title='bbox 645 3983 758 4071; x_wconf 66' lang='lat' dir='ltr'>Onon&amp;</span> <span class='ocrx_word' id='word_1_268' title='bbox 789 4010 848 4071; x_wconf 91' lang='lat' dir='ltr'>pro</span> <span class='ocrx_word' id='word_1_269' title='bbox 878 3981 1010 4070; x_wconf 69' lang='grc' dir='ltr'>Θωμᾶς</span> <span class='ocrx_word' id='word_1_270' title='bbox 1042 4008 1139 4069; x_wconf 85' lang='lat' dir='ltr'>quem</span> <span class='ocrx_word' id='word_1_271' title='bbox 1172 4006 1315 4050; x_wconf 88' lang='lat' dir='ltr'>errorem</span> 
     </span>
     <span class='ocr_line' id='line_1_34' title="bbox 144 4097 1315 4196; baseline -0.002 -34"><span class='ocrx_word' id='word_1_272' title='bbox 144 4098 326 4168; x_wconf 83' lang='lat' dir='ltr'>doctissimus</span> <span class='ocrx_word' id='word_1_273' title='bbox 348 4100 505 4182; x_wconf 83' lang='lat' dir='ltr'>Ebertus,</span> <span class='ocrx_word' id='word_1_274' title='bbox 529 4105 566 4165; x_wconf 88' lang='lat' dir='ltr'>ut</span> <span class='ocrx_word' id='word_1_275' title='bbox 588 4099 731 4196; x_wconf 79' lang='lat' dir='ltr'>videtur,</span> <span class='ocrx_word' id='word_1_276' title='bbox 754 4099 911 4183; x_wconf 76' lang='lat' dir='ltr'>praeivit,</span> <span class='ocrx_word' id='word_1_277' title='bbox 943 4099 1012 4163; x_wconf 88' lang='lat' dir='ltr'>eius</span> <span class='ocrx_word' id='word_1_278' title='bbox 1036 4098 1123 4163; x_wconf 90' lang='lat' dir='ltr'>enim</span> <span class='ocrx_word' id='word_1_279' title='bbox 1145 4118 1245 4161; x_wconf 89' lang='lat' dir='ltr'>manu</span> <span class='ocrx_word' id='word_1_280' title='bbox 1267 4097 1315 4161; x_wconf 86' lang='lat' dir='ltr'>ita</span> 
     </span>
     <span class='ocr_line' id='line_1_35' title="bbox 143 4209 1316 4298; baseline -0.002 -25"><span class='ocrx_word' id='word_1_281' title='bbox 143 4209 175 4273; x_wconf 91' lang='lat' dir='ltr'>ad</span> <span class='ocrx_word' id='word_1_282' title='bbox 198 4214 368 4298; x_wconf 88' lang='lat' dir='ltr'>marginem</span> <span class='ocrx_word' id='word_1_283' title='bbox 399 4217 515 4277; x_wconf 89' lang='lat' dir='ltr'>notata</span> <span class='ocrx_word' id='word_1_284' title='bbox 547 4218 606 4277; x_wconf 90' lang='lat' dir='ltr'>est.</span> <span class='ocrx_word' id='word_1_285' title='bbox 650 4211 755 4277; x_wconf 91' lang='lat' dir='ltr'>Porro</span> <span class='ocrx_word' id='word_1_286' title='bbox 788 4209 1086 4275; x_wconf 88' lang='lat' dir='ltr'>Bononiensem</span> <span class='ocrx_word' id='word_1_287' title='bbox 1117 4209 1316 4290; x_wconf 85' lang='lat' dir='ltr'>scripturam</span> 
     </span>
     <span class='ocr_line' id='line_1_36' title="bbox 142 4319 1314 4407; baseline -0.001 -23"><span class='ocrx_word' id='word_1_288' title='bbox 142 4326 302 4389; x_wconf 73' lang='lat' dir='ltr'>cromatius</span> <span class='ocrx_word' id='word_1_289' title='bbox 325 4346 422 4407; x_wconf 90' lang='lat' dir='ltr'>quam</span> <span class='ocrx_word' id='word_1_290' title='bbox 446 4322 535 4406; x_wconf 89' lang='lat' dir='ltr'>apud</span> <span class='ocrx_word' id='word_1_291' title='bbox 558 4322 732 4389; x_wconf 82' lang='lat' dir='ltr'>&#39;Philonem</span> <span class='ocrx_word' id='word_1_292' title='bbox 754 4322 792 4386; x_wconf 91' lang='lat' dir='ltr'>fit</span> <span class='ocrx_word' id='word_1_293' title='bbox 815 4342 855 4386; x_wconf 85' lang='lat' dir='ltr'>ex</span> <span class='ocrx_word' id='word_1_294' title='bbox 873 4321 1085 4406; x_wconf 87' lang='lat' dir='ltr'>Mingarellio</span> <span class='ocrx_word' id='word_1_295' title='bbox 1109 4319 1314 4385; x_wconf 81' lang='lat' dir='ltr'>enotarimus</span> 
     </span>
    </p>
   </div>
   <div class='ocr_carea' id='block_1_10' title="bbox 0 0 1491 4912">
    <p class='ocr_par' dir='ltr' id='par_1_11' title="bbox 0 0 1491 4912">
     <span class='ocr_line' id='line_1_37' title="bbox 0 0 1491 4912; baseline 0 0"><span class='ocrx_word' id='word_1_296' title='bbox 0 0 1491 4912; x_wconf 95' lang='lat' dir='ltr'> </span> 
     </span>
    </p>
   </div>
  </div>
 </body>
</html>
