2962 4912
137 308 178 372 66
339 306 672 361 ΡΒΕΌῸΟ·ΗΔἸῪΗΔΕΙ
691 306 935 358 IIVANGELIUII.
963 307 1038 358 CAP.
1058 307 1136 358 vm.

616 559 736 625 OIror
759 559 862 626 VIII.

227 719 237 758 ¹
252 717 399 782 Factum
417 721 470 778 est
486 722 601 779 autem
622 736 698 780 oum
715 714 834 779 XIIII
851 736 960 779 annos
977 716 1104 780 aetatis
1122 716 1284 799 haberet,
1308 722 1351 780 et.

140 829 233 887 esset
254 819 391 884 occasio
414 838 502 900 quae
523 816 734 883 Pharisaeos
757 819 890 882 feceret
911 817 1042 900 dicere,
1065 819 1133 883 iam
1156 826 1349 885 consuetu·

140 925 255 990 dinem
273 921 395 987 adesse
413 920 630 985 semiramin
647 920 845 1004 templodei
866 942 935 985 non
952 942 1056 1005 posse
1068 924 1206 1005 morari,
1224 925 1348 987 Inven-

139 1036 212 1093 tum
233 1032 287 1091 est
302 1023 372 1089 tale
391 1023 575 1088 consilium
597 1032 636 1088 ut
651 1026 851 1089 mitteretur
866 1046 993 1107 praeeo
1010 1047 1074 1108 per
1090 1047 1209 1091 omnes
1227 1024 1347 1090 tribus

138 1130 268 1211 Israel,
292 1135 331 1192 ut
356 1148 475 1192 omnes
499 1127 555 1192 die
579 1128 685 1193 tertia
708 1129 744 1192 in
766 1129 932 1211 templum
953 1129 1084 1196 domini
1103 1130 1347 1194 convenirent.

141 1231 227 1300 (lum
248 1237 363 1296 autem
381 1231 563 1294 universus
582 1229 734 1314 populus
756 1232 985 1313 convenisset,
1007 1230 1349 1296 surrexitAbiather

139 1333 299 1420 pontifex
316 1340 351 1399 et
367 1332 527 1398 ascendit
542 1333 578 1396 in
596 1332 781 1399 altioribus
794 1333 970 1416 gradibuS‚
988 1340 1028 1399 ut
1043 1333 1085 1398 ab
1104 1335 1197 1399 omni
1209 1334 1346 1418 populo

140 1440 254 1506 audiri
271 1444 392 1521 posset
409 1444 444 1501 et
461 1436 588 1516 videri;
611 1443 646 1501 et
662 1437 754 1501 Iacto
771 1459 896 1521 magno
914 1437 1056 1502 silentio
1075 1437 1175 1502 dixit:
1206 1435 1347 1502 Audite

139 1566 203 1624 me,
224 1542 287 1606 filii
305 1540 428 1620 Israel,
447 1545 482 1603 et
498 1539 641 1602 auribus
657 1539 829 1622 percipite
846 1538 951 1603 verba
967 1559 1052 1603 mea.
1088 1539 1142 1604 Ex
1159 1562 1228 1624 quo
1249 1540 1350 1604 aedi·

140 1646 281 1712 ficetum
292 1650 346 1709 est
355 1640 523 1723 templum
534 1640 599 1705 hoo
610 1662 630 1705 a
641 1638 838 1721 Salomone,
857 1642 1001 1705 suerunt
1016 1642 1051 1705 in
1064 1663 1104 1706 eo
1116 1642 1209 1707 filiae
1221 1664 1349 1726 regum

139 1749 291 1832 virgInes
314 1752 349 1810 et
368 1743 617 1828 prophetarum
642 1751 677 1808 et
697 1765 908 1808 summorum
930 1744 1151 1811 sacerdotum
1174 1755 1209 1811 et
1227 1747 1351 1831 ponti-

139 1851 258 1931 ficum3
281 1856 315 1914 et
331 1868 475 1932 magnae
499 1846 735 1911 ammirabiles
757 1849 976 1912 exstiterunt.
1009 1848 1139 1913 Tamen
1157 1851 1349 1914 venientes

140 2062 235 2120 Israel,
248 2065 276 2109 ut
287 2062 313 2108 in
326 2058 419 2122 templo
432 2059 526 2106 domini
539 2057 697 2106 convenirent
710 2058 736 2104 in
749 2075 822 2105 unum
831 2059 973 2122 pontifices.
999 2058 1118 2108 Iemvero
1132 2061 1170 2109 nio
1184 2062 1289 2126 pergit:
1311 2066 1351 2110 At

140 2163 224 2198 ornnes
236 2147 346 2209 otryirrer
355 2144 461 2193 Mariae
473 2145 569 2207 affines,
584 2144 697 2191 timenter
708 2160 738 2190 ne
746 2147 856 2204 propter
866 2144 1063 2204 pulcritudinem
1076 2146 1129 2193 eiue
1141 2146 1237 2210 aliquio
1249 2147 1355 2195 invenie

139 2236 221 2295 iprum
232 2232 369 2288 reduceret,
382 2230 514 2279 monebant
527 2230 608 2290 Ipsam
620 2234 648 2276 ut
659 2230 740 2275 virum
752 2229 878 2290 arriperet
891 2230 921 2276 de
933 2230 1070 2278 maioribus
1083 2231 1176 2279 Israel.
1204 2232 1276 2280 I'une
1288 2233 1350 2296 ipra

140 2317 293 2381 respondem
304 2317 384 2364 diret:
409 2314 467 2363 Non
480 2319 567 2375 poteet
582 2315 628 2363 lior
638 2314 703 2379 sueri
716 2315 782 2377 qnod
793 2315 875 2362 m'rum
888 2331 1033 2378 eoqnoecam
1045 2317 1086 2364 rel
1098 2318 1138 2364 etr
1150 2325 1288 2381 eoynoeeat
1300 2336 1349 2367 me.

141 2407 178 2453 Ar
189 2402 252 2451 illae
264 2402 384 2449 diverunt
400 2400 438 2447 ei:
466 2399 588 2448 I'imemnr
605 2415 635 2447 ne
644 2393 753 2461 propter
768 2401 1062 2462 premereiment,
1081 2388 1130 2450 niel
1149 2405 1315 2466 coynoeeurie
1332 2421 1349 2451 a

140 2491 195 2539 uiro
208 2494 233 2538 et
244 2488 357 2544 nubarir,
375 2487 509 2535 eorundum
521 2487 587 2549 quod
600 2485 669 2534 aliae
681 2487 792 2548 oquinee
803 2492 827 2534 te
839 2488 865 2533 irr
879 2487 970 2546 templo
982 2487 1077 2535 domirm'
1085 2490 1270 2548 praecedentes
1273 2491 1349 2554 sece-

140 2580 209 2633 runt,
222 2574 317 2637 aliquio
328 2572 425 2620 inorme
436 2571 559 2620 euddueat
572 2576 603 2620 te.
623 2572 812 2633 Rerponditeir
824 2572 895 2634 oirqo
906 2572 1009 2620 Mario:
1022 2572 1104 2620 Deum
1113 2574 1140 2621 in
1153 2576 1275 2623 cartilate
1285 2575 1348 2624 ooli·

141 2667 202 2710 turu
213 2665 239 2708 et
249 2663 402 2708 veneratum
414 2673 467 2705 enm
476 2660 608 2719 perpetuo.
634 2656 700 2704 Nom
718 2661 776 2704 ante
789 2657 855 2704 Alei
872 2657 958 2704 nullnr
972 2662 1030 2705 erat
1048 2659 1114 2707 Inter
1126 2661 1238 2708 dominer
1255 2661 1348 2719 luetur,

142 2752 167 2795 et
178 2748 233 2808 ipre
240 2759 291 2806 per
303 2742 443 2792 oblationes
451 2742 554 2803 placuit
565 2743 611 2790 deo
618 2761 626 2798 ,·
645 2746 670 2789 et
682 2755 735 2789 eum
748 2747 812 2789 erret
824 2743 920 2790 ooeirue
932 2744 998 2806 quod
1011 2743 1102 2803 (ocoIs.
1117 2745 1149 2793 eb
1163 2760 1194 2794 oo
1209 2747 1255 2809 qui
1264 2746 1288 2808 i)
1302 2747 1346 2795 do·

141 2833 208 2880 mino
219 2829 366 2892 displicuit,
383 2829 448 2876 dnae
465 2843 572 2876 coronae
584 2827 682 2888 accepit
698 2842 715 2873 a
726 2827 838 2884 domino,
858 2828 994 2876 oblationir
1011 2834 1036 2877 et
1047 2831 1219 2893 vIrqinitotie,
1240 2832 1303 2895 quia
1320 2833 1351 2880 in.

143 2933 219 2966 earne
231 2932 278 2965 eeu
285 2914 453 2976 pollutionem
465 2914 597 2977 nonfeeit,
610 2913 671 2976 quia
682 2912 709 2958 in
721 2913 869 2975 olryiniIate
882 2915 1016 2962 rrmtodim't
1028 2931 1090 2962 enm.
1115 2916 1173 2978 Euo
1186 2916 1218 2964 ab
1231 2917 1348 2981 infantie

141 3018 197 3052 mea
214 3001 387 3064 niquitatem
404 3015 483 3048 meam
500 2999 546 3047 deo
563 2997 643 3046 obtuli
663 2994 715 3060 [et]
732 2999 759 3045 in
776 2999 851 3046 eorde
869 3015 920 3047 meo
938 3001 1019 3048 statui
1034 3004 1062 3047 nt
1079 3002 1160 3049 virum
1175 3003 1282 3062 peritur
1297 3019 1349 3052 non

143 3102 296 3151 eoynoreum.
321 3085 441 3134 Iemrero
460 3088 610 3147 sequuntur
628 3083 707 3131 hoec:
733 3083 837 3131 Interea
856 3101 909 3131 rum
926 3085 1056 3133 universus
1066 3087 1178 3148 populere
1191 3072 1348 3138 convenisset

144 3180 196 3232 ete,
210 3173 242 3222 de
256 3171 352 3235 quibus
365 3169 427 3218 vide
439 3171 511 3219 infre
523 3168 557 3217 od
570 3184 627 3232 cnp.
642 3168 716 3216 VIII.

214 3257 289 3312 VIII,
309 3259 331 3305 I.
357 3271 412 3304 cnm
424 3254 519 3303 XIIII
527 3254 576 3316 (Μ)
589 3253 728 3316 duodecim)
742 3270 800 3301 ann.
820 3259 868 3302 aet.
888 3255 991 3303 toleret
1007 3261 1039 3304 ut
1051 3269 1121 3316 Irim
1142 3270 1174 3306 cr
1191 3263 1221 3306 ut
1239 3264 1349 3322 quartur

143 3346 253 3394 decim
268 3357 349 3391 annue
367 3357 421 3389 eam
440 3341 567 3400 exciperet
579 3339 606 3401 (c
620 3356 678 3387 ann.
696 3341 791 3388 aetatis
802 3341 825 3387 ei
843 3341 985 3401 accederet)
1004 3339 1008 3404 Ι
1028 3346 1053 3390 et
1073 3341 1102 3403 (I
1116 3343 1168 3391 old
1181 3343 1238 3405 doe)
1259 3349 1347 3394 ereet-

143 3431 228 3480 direre
240 3431 272 3477 ut
282 3440 332 3484 Δις
346 3439 361 3475 o
375 3431 399 3475 et
411 3431 477 3476 erret
488 3426 587 3474 oooaeio
599 3441 649 3488 qua
658 3425 795 3473 Pharisaei
803 3426 931 3480 dicerem,-
944 3441 961 3474 n
975 3431 1000 3474 et
1012 3429 1159 3491 erretsama
1172 3431 1233 3492 quta
1241 3431 1349 3481 Pieris⁸

143 3518 263 3566 dinerunt
277 3511 280 3578 Ι
295 3515 346 3560 inm
356 3512 556 3561 cometudinem
570 3536 578 3546 -
591 3511 688 3559 morari
700 3515 731 3559 ut
743 3525 774 3567 υς
785 3524 802 3558 I
815 3512 867 3558 iam
877 3528 942 3559 conr.
954 3514 1041 3560 adesse
1055 3511 1262 3578 [quod]semina
1274 3517 1302 3564 in
1315 3520 1348 3567 te.

144 3602 186 3651 dei
203 3600 274 3648 illine
286 3599 381 3647 aetatis
391 3613 441 3646 nen
449 3597 532 3659 poerit
543 3597 652 3652 moreri,·
671 3609 687 3643 r
707 3597 756 3643 ium
771 3611 820 3657 pro
834 3598 1010 3646 consuetudine
1020 3599 1136 3662 feminea
1154 3602 1181 3647 in
1199 3601 1294 3662 templo
1306 3603 1352 3652 dei

144 3688 218 3736 tltom
229 3686 327 3735 morari
337 3700 387 3733 nom
396 3699 486 3746 poree,
509 3695 524 3731 c
536 3684 588 3731 ium
596 3697 648 3744 pro
661 3682 803 3730 conruetud.
815 3683 940 3745 seminam
959 3684 985 3730 in
1004 3684 1087 3746 templ.
1101 3701 1177 3733 orare
1189 3703 1240 3735 non
1248 3703 1329 3750 poree
1342 3686 1347 3754 Ι

145 3776 457 3826 terminatione,
471 3769 518 3817 ned
532 3780 566 3816 cr
578 3782 667 3831 praem
681 3772 718 3823 et,·
738 3781 753 3815 I
768 3768 894 3815 invenitur
907 3765 910 3833 Ι
925 3770 1082 3818 mitteretur:
1099 3783 1134 3817 In
1148 3772 1268 3821 mittatur
1283 3771 1287 3837 Ι
1297 3789 1352 3836 per·

146 3873 242 3909 omnes:
261 3869 337 3918 oper
349 3860 417 3905 tutor
431 3853 434 3918 Ι
449 3858 477 3902 ut
488 3853 515 3914 (e
528 3853 564 3916 et)
582 3870 646 3902 omn.
659 3854 701 3901 die
713 3854 792 3901 tertie
805 3854 835 3914 (o
849 3857 938 3902 octova
945 3874 953 3909 ‚·
973 3868 988 3902 I
1003 3857 1081 3904 tertie
1094 3857 1196 3916 oetion)
1217 3858 1243 3904 in
1257 3856 1287 3920 (n
1300 3860 1349 3922 ad)

147 3950 190 3994 otc
204 3941 207 4002 Ι
224 3958 241 3991 I
260 3942 293 3989 Ut
305 3947 388 3988 autem
401 3965 409 3976 ·
423 3944 574 3988 convenerat
588 3936 591 4002 Ι
607 3940 750 3987 Adintlrnr:
762 3939 802 3987 ita
816 3954 831 3986 I
847 3939 1003 4003 (Alyathur)
1015 3954 1044 3997 ος
1062 3956 1079 3990 o
1093 3943 1213 4007 Alyaoar
1225 3944 1267 3992 rel
1285 3943 1350 3993 Ym-

147 4046 200 4087 ear,
215 4041 231 4074 rr
245 4029 345 4082 Jeoear,
359 4040 374 4073 e
388 4027 496 4073 Iearlrnr
511 4023 514 4088 Ι
528 4026 555 4073 in
568 4025 703 4074 altdorilur
713 4027 788 4087 yrad.
803 4041 860 4072 com
872 4039 922 4082 ους
936 4040 971 4073 Ie
984 4028 1010 4073 in
1023 4028 1141 4075 altiorem
1151 4029 1278 4091 eradium,-
1291 4042 1309 4076 13
1323 4031 1352 4079 In

147 4113 304 4162 eminentiori
315 4112 400 4174 qradu
415 4109 418 4175 Ι
433 4125 449 4158 I
463 4112 501 4159 tta
514 4116 542 4159 ut
556 4110 559 4175 Ι
574 4111 661 4159 audiri
669 4115 756 4170 porret
769 4112 796 4168 (c
805 4112 941 4170 peteteret)
955 4117 979 4158 et
991 4113 1041 4159 oid.
1057 4113 1085 4173 (I
1100 4114 1184 4161 etoid.
1191 4113 1277 4176 porr.)
1288 4131 1350 4165 eum

148 4211 234 4254 acm
248 4211 264 4245 e
277 4203 302 4245 et
314 4197 364 4243 oid.
378 4201 403 4243 et
415 4197 474 4243 oud.
485 4198 609 4258 potur'met
623 4192 626 4262 Ι
640 4197 788 4260 ejectoque
802 4192 804 4258 Ι
820 4196 895 4243 verto
907 4213 975 4244 mea:
986 4210 1003 4245 n
1017 4197 1069 4245 edd
1080 4215 1143 4261 qnae
1156 4199 1248 4262 loquor
1261 4201 1297 4248 ad
1306 4217 1353 4250 oon

149 4283 154 4350 Ι
168 4297 185 4333 I
197 4283 266 4333 ielud
279 4282 362 4345 templ.
381 4277 386 4339 Ι
408 4293 423 4328 r
437 4282 521 4342 templ.
540 4283 586 4330 Iuor·
604 4298 621 4329 a
633 4281 757 4329 rodanone
769 4282 830 4344 edis.
844 4287 881 4329 ert
901 4286 904 4343 Ι
926 4295 941 4327 n
955 4282 1152 4347 LXXsu-erunt
1165 4286 1190 4331 in
1203 4302 1231 4333 eo
1253 4283 1257 4351 Ι
1269 4286 1352 4351 filiae

148 4385 200 4433 reo.
210 4368 302 4430 virgin.
314 4366 342 4430 (c
352 4383 405 4429 req.
415 4368 489 4430 utryi
496 4366 559 4432 fite,
574 4380 651 4429 Irrey.
657 4367 701 4432 fil.
713 4368 770 4415 eiiio
781 4369 857 4429 νέῳ.)
869 4373 893 4415 et
904 4368 932 4428 (I
944 4367 995 4416 edd
1001 4368 1092 4433 filiae)
1099 4370 1192 4430 propit.
1208 4368 1212 4434 Ι
1226 4384 1354 4434 magnae}

148 4451 300 4518 nunnae!
317 4453 583 4503 I’omenrenienterut
593 4465 640 4512 om
654 4451 754 4515 Inui)
764 4457 792 4501 ut
802 4458 1059 4515 ortemperoenerunt
1069 4453 1100 4515 (o
1110 4461 1244 4517 renerum)
1260 4455 1265 4523 Ι
1281 4459 1355 4508 viror
