2962 4912
136 299 179 363 80
310 297 644 350 renunc-umnam
663 297 905 347 EVANGELIUH.
932 297 1008 350 CAP.
1025 297 1096 351 xlv,
1116 296 1172 347 XV.

224 447 322 514 'Sed
356 455 391 513 et
415 446 519 512 stella
550 447 674 530 ingens
706 467 727 511 a
753 468 896 530 vespere
926 469 1037 530 usque
1064 447 1107 512 ad
1132 449 1346 513 matutinum

138 551 347 635 splendebat
363 571 468 633 super
485 550 702 633 speluncam,
725 551 824 615 cuius
841 549 1044 635 magnitudo
1062 572 1250 634 numquam
1268 552 1346 617 visa

138 656 254 721 fuerat
270 653 312 719 ab
332 653 466 736 origine
484 652 615 716 mundi.
646 651 694 716 nt
710 651 901 735 prophetae
919 654 979 736 qui
996 651 1137 719 lucrant
1151 654 1189 719 in
1204 653 1346 720 Ierusa-

137 756 206 821 lem
229 755 394 821 dicebant
415 754 504 820 hanc
527 754 664 819 stellam
689 755 845 821 indicare
868 755 1085 822 nativitatem
1108 754 1256 837 Christi,
1281 758 1345 840 qui

137 863 352 926 restauraret
376 859 644 941 promissionem
670 879 739 923 non
765 858 877 923 solum
901 858 1013 927 Israel
1040 859 1102 924 sed
1128 865 1162 925 et
1187 861 1347 925 omnium

138 965 305 1047 gentium.

617 1093 738 1162 Oscor
761 1095 862 1163 XIV.

225 1233 348 1298 Tertia
370 1241 485 1298 autem
503 1233 559 1298 dic
578 1233 770 1298 nativitatis
786 1232 919 1298 domini
930 1254 1082 1316 ¹egressa
1097 1238 1152 1299 cst
1167 1232 1284 1299 Maria
1301 1232 1348 1297 de

140 1337 322 1420 spelunca,
345 1343 381 1401 et
396 1337 557 1420 ingressa
573 1341 628 1400 est
645 1335 821 1400 stabulum
839 1342 874 1400 et
889 1336 1009 1418 posuit
1025 1357 1171 1419 puerum
1192 1338 1228 1401 in
1244 1356 1351 1420 prae-

140 1441 253 1523 sepio,
277 1438 397 1504 ethos
420 1445 456 1503 et
476 1439 597 1503 asinus
617 1438 852 1503 adoraverunt
873 1458 962 1503 eum.
993 1437 1092 1503 Tunc
1114 1438 1350 1522 adimpletum

140 1543 305 1627 estquod
322 1542 454 1607 dictum
471 1548 525 1606 est
543 1563 606 1624 per
620 1541 751 1606 Isaiam
767 1540 974 1624 prophetam
991 1540 1180 1606 dicentem:
1208 1540 1351 1623 Cogno·

139 1648 189 1712 vit
203 1646 267 1711 bos
283 1665 523 1728 possessorem
541 1666 640 1709 suum
658 1649 693 1709 et
709 1645 829 1708 asinus
846 1664 1015 1727 praesepe
1028 1642 1160 1708 domini
1172 1645 1237 1709 sui.
1261 1644 1351 1726 Ipsa

140 1756 256 1815 autem
273 1747 438 1813 animalia
454 1748 616 1828 inmedio
635 1768 713 1812 eum
726 1746 897 1812 habentes
913 1747 1134 1812 incessanter
1148 1746 1351 1812 adorabant

141 1874 229 1918 eum.
261 1851 360 1915 Tunc
377 1850 605 1934 adimpletum
622 1849 786 1933 estquod
803 1848 935 1914 dictum
956 1855 1010 1914 est
1025 1870 1089 1932 per
1104 1847 1251 1915 Abacuc
1268 1870 1352 1932 pro·

141 1954 280 2039 phetam
296 1953 485 2018 dicentem:
518 1954 560 2017 In
577 1952 692 2017 medio
709 1952 857 2017 duorum
879 1951 1082 2039 animalium
1098 1952 1348 2018 innotesceris.

140 2058 183 2122 In
201 2057 322 2122 eodem
339 2062 455 2120 autem
466 2056 543 2122 loco
558 2061 712 2120 moratus
730 2059 785 2119 est
794 2053 924 2137 Ioseph
941 2046 1100 2120 etMaria
1111 2075 1188 2120 cum
1205 2054 1346 2120 infante

143 2161 256 2227 tribus
275 2159 409 2224 diebus.

631 2293 751 2359 (luens
773 2294 855 2362 XV.

230 2430 363 2498 ¹Sexta
384 2439 499 2497 autem
522 2431 578 2495 die
601 2432 751 2514 ingressi
773 2438 855 2497 sunt
875 2430 1075 2515 Bethleem,
1098 2432 1158 2495 ubi
1182 2431 1348 2515 impleve-

142 2541 224 2600 runt
240 2536 423 2618 septimam
434 2535 536 2599 diem.
562 2532 693 2600 Octavo
709 2554 790 2598 vero
802 2533 858 2597 die
877 2533 1168 2599 circumcidentes
1185 2555 1346 2617 puerum,

143 2663 216 2670 ,---..Δ
228 2663 277 2668 .-.-

209 2729 234 2778 7.
253 2744 270 2776 a
281 2744 396 2791 vespere:
409 2739 427 2775 1)
441 2741 483 2777 om
498 2724 502 2791 Ι
516 2744 569 2792 aeq.
583 2729 618 2775 ad
630 2726 658 2788 (n
670 2727 708 2788 is)
720 2727 870 2775 montium
881 2731 912 2775 ut
925 2739 993 2784 ηις
1007 2738 1043 2775 cn
1055 2743 1109 2790 seq.
1123 2728 1157 2775 ad
1168 2744 1242 2776 mame
1257 2726 1260 2792 Ι
1276 2728 1348 2778 cuiae

141 2828 224 2876 mayn.
238 2838 246 2848 ·
258 2813 344 2860 mundi
357 2821 387 2861 ut
397 2824 484 2870 seem
497 2826 513 2860 n
526 2827 569 2861 om
583 2811 587 2877 Ι
601 2825 618 2860 n
627 2813 748 2875 Proptet.
759 2816 842 2860 cutem
854 2807 858 2875 Ι
873 2812 1034 2875 quiscum-emt
1045 2816 1076 2861 ιιι
1085 2823 1136 2871 ους
1151 2814 1346 2878 meismet,

142 2910 177 2946 sn
191 2899 234 2961 qui
246 2902 321 2946 erant
335 2896 338 2961 Ι
352 2898 379 2946 im
392 2897 544 2946 Iemalem:
563 2911 579 2946 n
593 2899 619 2945 im
631 2897 717 2946 lsrael
731 2894 735 2962 Ι
750 2898 793 2961 qui
803 2901 864 2946 rest.
874 2913 957 2960 prom
970 2914 1021 2946 mom
1032 2899 1079 2947 eol.
1093 2899 1180 2948 Israel
1192 2897 1221 2961 (Δ
1237 2899 1345 2962 Israeli)

142 2983 186 3032 sed
198 2987 224 3032 et
235 2999 298 3033 orum
308 2987 378 3046 peut.
391 2981 420 3043 (ι
433 2983 477 3030 red
489 2982 516 3030 im
526 2983 638 3032 mamitus
646 2982 775 3046 pestibus)
787 2989 819 3032 ut
831 2994 920 3040 cnam
940 2996 956 3032 n
968 2985 1012 3047 qui
1023 2989 1133 3034 recreer.
1146 2985 1212 3033 sicut
1222 2986 1346 3048 promise·

142 3073 188 3118 rat
199 3085 248 3117 mom
259 3067 341 3117 solem
353 3068 440 3116 Israel
451 3069 495 3116 ced
507 3073 534 3118 et
545 3084 628 3118 ommes
636 3073 732 3133 penus.

212 3153 281 3202 XIV.
304 3153 391 3202 Tertia
409 3157 440 3203 ut
452 3167 522 3213 nnn3
541 3166 577 3203 cn
593 3155 678 3204 Tertio
692 3150 696 3217 Ι
710 3155 818 3203 domimi:
836 3167 872 3203 sn
890 3155 943 3204 add
960 3156 1043 3204 nostri
1055 3156 1114 3204 Iesu
1127 3155 1223 3206 carosi
1237 3155 1241 3222 Ι
1256 3158 1349 3206 Μανία

143 3246 175 3288 ut
187 3253 218 3298 n3
237 3251 272 3286 cn
290 3254 379 3303 prsem
392 3240 480 3297 beata,
499 3253 534 3288 nn
554 3241 698 3290 beatissima
712 3238 716 3306 Ι
730 3246 756 3290 οι
770 3242 837 3305 impr.
855 3245 893 3290 est
911 3239 939 3304 (n
950 3240 1004 3290 add
1016 3242 1054 3302 im)
1066 3242 1131 3290 atah.
1150 3246 1176 3291 et
1191 3258 1248 3306 poc.
1258 3259 1305 3307 pe.
1322 3243 1350 3291 im

140 3342 214 3390 prae.
228 3332 259 3375 ut
272 3337 341 3384 cnm
361 3338 396 3374 ΑΒ
415 3330 441 3374 et
457 3326 523 3389 impr.
536 3327 601 3375 stac.
616 3328 705 3391 posuit
713 3344 758 3391 pu.
771 3344 841 3376 mem
857 3328 885 3375 is
898 3343 942 3390 pr.
968 3327 1110 3376 Praeterea
1128 3340 1144 3375 Β
1159 3327 1211 3376 edd
1225 3328 1287 3391 quia
1298 3344 1350 3376 mom

144 3415 202 3460 erat
218 3411 241 3460 ei
258 3411 329 3460 werse
344 3412 425 3475 mauis
443 3415 519 3475 aptus
536 3413 563 3459 in
580 3413 721 3462 diversorio
740 3410 871 3473 conditus!
886 3417 912 3462 ct
924 3412 953 3474 (n
966 3411 1036 3473 tusc)
1049 3413 1092 3461 tor
1105 3438 1114 3448 ·
1127 3413 1200 3462 ador.
1214 3411 1240 3475 (c
1253 3413 1350 3473 adora}

144 3498 215 3560 tamt)
226 3512 280 3545 eum
289 3501 321 3546 ut
331 3508 401 3554 σωκ
415 3509 433 3545 Δ
445 3512 517 3560 quem
528 3496 572 3546 toa
584 3522 593 3533 ·
606 3498 722 3556 adoram,
734 3512 751 3546 n
763 3503 789 3547 et
800 3499 844 3547 tou
855 3503 880 3547 et
891 3515 928 3547 aa
938 3498 1162 3562 pmuajleetemtee
1174 3498 1281 3547 adorem
1294 3515 1351 3548 mm

146 3580 150 3648 Ι
165 3596 181 3630 n
194 3583 302 3631 Esaiam
317 3579 320 3647 Ι
335 3595 352 3630 u
364 3583 491 3645 dumovill
508 3581 572 3645 Ipsa
584 3586 667 3631 wtem
679 3582 721 3644 (ut
733 3595 780 3642 on,
795 3596 830 3632 nu
843 3599 913 3646 erpo,
931 3596 949 3631 D
963 3584 1037 3644 mim)
1050 3583 1175 3631 amimalia
1187 3587 1217 3633 ιιι
1231 3597 1259 3642 ις
1274 3597 1350 3634 suen

145 3668 197 3717 add
210 3667 309 3717 scilieet
321 3667 348 3727 (c
361 3669 389 3715 id
401 3671 447 3725 eet,
460 3679 496 3716 ΑΒ
510 3666 564 3728 om)
577 3668 621 3716 hoe
632 3672 657 3716 et
668 3669 756 3717 animus
769 3665 773 3732 Ι
787 3669 814 3716 im
825 3669 906 3718 medio
918 3685 972 3718 eum
983 3668 1039 3717 rac.
1053 3675 1084 3718 nt
1096 3680 1164 3727 ncn3
1174 3681 1194 3717 n
1206 3671 1311 3720 eumdem
1322 3672 1352 3719 im

144 3755 225 3802 medio
237 3755 277 3801 aui
288 3754 358 3811 lah,
379 3768 394 3802 ι
408 3755 434 3802 im
446 3755 527 3803 medic
538 3758 636 3804 uanus
649 3752 653 3819 Ι
668 3768 686 3803 n
699 3769 741 3803 om
754 3771 808 3802 mm
825 3759 888 3818 post
901 3756 973 3804 ador.
989 3752 993 3820 Ι
1010 3754 1078 3803 llmc
1090 3753 1118 3816 (ιι
1134 3755 1262 3818 diuaeque,
1281 3770 1299 3804 n
1311 3757 1352 3805 Er

145 3840 215 3898 tuae)
229 3838 334 3903 uduspl.
354 3839 382 3901 (a
395 3839 482 3904 impl„
498 3852 515 3887 n
528 3844 554 3888 et
565 3839 647 3903 impl.)
661 3844 699 3888 ert
711 3840 739 3902 (n
751 3856 804 3890 esee
816 3839 927 3904 videtur)
942 3836 945 3906 Ι
960 3852 977 3888 ι
989 3839 1056 3904 quod
1064 3856 1113 3904 per
1125 3841 1191 3889 Aua.
1207 3846 1234 3903 (c
1248 3841 1318 3890 Hau.
1327 3842 1350 3903 l)

143 3941 184 3988 pr.
204 3925 300 3973 dicitur
313 3922 317 3990 Ι
331 3926 451 3973 duorum:
466 3937 483 3973 Β
499 3926 575 3973 duum
589 3922 592 3992 Ι
607 3927 785 3975 innotesceris:
802 3939 818 3973 n
832 3926 990 3990 requiesceris
1005 3923 1009 3989 Ι
1022 3930 1119 3974 auum:
1138 3939 1174 3974 nn
1188 3942 1230 3975 om
1249 3924 1253 3991 Ι
1272 3931 1299 3976 et
1318 3927 1351 3989 (n

145 4010 198 4059 add
216 4009 301 4072 teate)
315 4011 385 4058 Mur.
399 4025 453 4058 eum
464 4011 577 4074 insonte:
590 4024 607 4059 n
620 4015 645 4060 oc
657 4011 721 4060 beat.
734 4012 806 4075 sirpo
820 4012 890 4061 Mur.
904 4027 958 4060 eum
969 4027 1057 4074 puero,
1072 4026 1087 4058 ι
1102 4029 1156 4060 cum
1169 4012 1259 4061 Maria

215 4094 270 4151 XV,
291 4098 314 4144 1.
341 4095 420 4144 Sesto
433 4094 509 4157 (item
518 4110 547 4154 n,
560 4109 594 4147 on
605 4096 693 4160 Sexte)
707 4104 789 4149 autem
801 4100 843 4148 die
855 4101 963 4163 inpressi
972 4102 1031 4147 sumt
1040 4097 1125 4146 nome.
1138 4104 1169 4146 ιιι
1179 4112 1230 4156 ιιις
1243 4112 1260 4147 n
1271 4098 1352 4148 Sexto

147 4186 230 4229 autem
242 4181 283 4229 die
295 4182 342 4230 Be.
355 4182 483 4245 inpressas
495 4186 540 4239 est,
554 4195 590 4231 cn
604 4183 645 4233 Se.
659 4189 742 4234 estes»
755 4185 784 4246 (n
797 4184 850 4248 om)
862 4186 904 4234 die
917 4200 971 4233 eum
983 4184 1058 4233 testu
1070 4184 1160 4233 Maria
1173 4184 1356 4247 inpressisset

147 4266 238 4331 Ioseph
250 4267 336 4315 aaut.
351 4263 355 4332 Ι
370 4268 412 4316 uua·
423 4267 493 4332 mmpl.
507 4283 540 4315 ee.
553 4268 589 4317 di.
605 4270 645 4329 (ut
658 4283 709 4329 ης
728 4271 799 4319 nuti
811 4271 944 4334 compleuit
954 4275 1048 4334 reptem
1060 4271 1133 4332 dies).
1161 4270 1216 4318 0σί.
1233 4287 1254 4318 u.
1268 4271 1312 4319 dic
1324 4269 1353 4333 (ι

147 4353 200 4402 add
209 4353 365 4415 sofivitutis)
378 4379 387 4388 ·
400 4350 523 4417 amteq.(1
532 4355 645 4418 amkaq.)
659 4379 668 4390 ·
681 4355 774 4420 Moysi,
784 4359 843 4404 tunc
856 4381 864 4392 ·
878 4357 912 4405 ad
922 4357 1007 4419 templ.
1016 4357 1082 4406 dorm
1092 4356 1120 4419 (n
1129 4357 1222 4420 Moysi,
1236 4356 1355 4406 marm

147 4438 220 4488 illem
233 4438 259 4486 is
272 4437 435 4488 Hierusalem
446 4438 482 4488 ad
494 4442 526 4490 to.
539 4438 592 4502 do.)
606 4465 614 4475 ·
623 4441 781 4504 perithoim
794 4439 845 4504 (its
856 4454 887 4501 ις
900 4454 917 4490 Δ
927 4441 1123 4506 parlittomem,
1132 4442 1314 4505 pariam
1325 4443 1355 4491 id
