3000 4912
157 334 221 399 300
414 395 418 412 Ι
590 333 678 387 Aen
696 331 823 386 mm
841 337 872 386 B.
890 335 921 387 x.

157 486 292 572 μεγάλμ
311 489 485 572 λέγουσα·
516 487 565 549 υἱέ
588 509 663 569 μου,
686 487 735 549 υἱέ
758 508 829 568 μου.
862 489 912 548 καὶ
934 489 1101 570 στραῲεῑσ
1128 485 1224 571 ωρὸσ
1246 485 1355 571 αῦτιὶμ

156 591 328 662 ὄἹιισοῦσ
352 601 401 660 καὶ
424 595 505 681 ἷδοῦμ
530 595 590 681 τὸμ
609 595 771 681 Ἰοοάμμιιμ
800 598 953 680 ωλιισὶομ
979 591 1089 660 αῦτῦσ
1118 602 1167 661 καὶ
1192 601 1356 682 κλαίομτα

156 708 242 793 μετὰ
257 714 330 793 τᾶιμ
346 713 486 793 λοιωᾶιμ
502 713 671 793 γυμαικᾶιμ
688 711 805 792 εἱωεμ·
820 706 892 772 ῑδοῦ
908 704 1010 770 ὂυὶόσ
1020 732 1092 772 σου.
1117 714 1245 772 έωειτα
1253 713 1353 795 λέγει

156 825 207 883 καὶ
222 819 317 905 ιυρόσ
331 819 392 905 τόμ
406 817 583 904 Ἰοούμμιιμ·
604 818 676 884 ἷδοῦ
697 819 715 881 fi
733 818 836 904 μύτιιρ
853 843 925 883 σου.
957 819 976 882 ιὶ
999 823 1037 883 δὲ
1053 826 1166 884 ἔκλαιε
1182 819 1356 905 μεγάλοοσ

152 935 326 1018 λέγουσα·
349 931 400 995 διὰ
415 924 520 994 τοῦτό
542 954 584 995 σε
606 933 724 1008 κλαὶοο,
746 933 795 994 υἱέ
812 955 883 1014 μου,
906 930 954 994 ὅτι
971 931 1128 1016 ωὰσχεισ
1144 931 1280 1008 ἆδὶκοοσ,
1303 930 1354 996 ὅτι

155 1067 195 1107 σε
211 1045 418 1127 ωαρέδοοκαμ
436 1045 466 1105 οἱ
480 1040 833 1126 ωαρύμομοιἹουδαὶοι
852 1043 905 1105 εἷο
919 1041 1037 1127 ωικρὸμ
1055 1043 1213 1128 θάματομ.
1243 1047 1355 1127 χοορὶσ

154 1148 233 1230 σοῦ,
255 1156 304 1217 υἱέ
320 1177 395 1236 μου,
417 1155 450 1215 τὶ
471 1151 547 1237 έγοό
566 1151 771 1238 γεμιὶσομαι;
793 1159 883 1217 ωᾶισ
900 1153 997 1233 ζύσοο
1012 1157 1121 1238 χοορὶσ
1137 1148 1215 1230 σούς
1234 1177 1353 1217 ωοτα·

152 1265 225 1350 ωιὶμ
242 1263 354 1348 Βιοτῦμ
371 1263 487 1346 διάγως
504 1258 576 1327 ωοῦ
592 1266 623 1327 οἱ
639 1263 783 1346 μαθιιταῐ
793 1287 855 1328 σου
872 1264 1121 1349 οἷκαυχούμεμοι
1133 1264 1353 1349 συμαωοθμύ-

153 1400 242 1462 σκειμ
260 1396 327 1448 σοι;
347 1369 420 1438 moi}
442 1377 472 1438 οἱ
487 1373 584 1459 ιυοιρὰ
600 1369 663 1438 σοῦ
678 1375 852 1460 ῑαθέμτεσς
873 1381 963 1439 ωῶσ
985 1375 1047 1460 οὐχ
1068 1374 1186 1460 εῦρέθιι
1202 1399 1257 1440 τισ
1273 1384 1353 1438 sou-

153 1483 253 1552 θιῖσαὶ
268 1507 334 1560 σοις
352 1489 401 1549 καὶ
417 1484 511 1570 ωρόσ
526 1486 585 1571 τὸμ
603 1484 747 1571 σταυρὸμ
765 1485 933 1570 ἆῲορῶσα
950 1493 1073 1572 έλεγε·
1091 1493 1202 1573 κλὶμομ
1214 1491 1352 1571 σταυρέ,

148 1601 206 1685 ἰ’μα
220 1591 457 1682 ωεριλαῦοῦσα
472 1596 532 1680 τόμ
548 1596 616 1682 υἱύμ
634 1621 696 1681 μου
712 1596 937 1680 καταφιλήσοο
958 1598 1018 1682 τὸμ
1042 1598 1122 1684 ἑμὸμ
1144 1598 1228 1684 υῖόμ,
1251 1597 1290 1683 ὂμ
1312 1601 1349 1682 ἑμ

151 1716 229 1774 τοὶσ
245 1709 389 1792 μασθοὶσ
404 1707 543 1771 τούτοισ
558 1707 786 1792 γεμοτρόωοοσ
802 1710 858 1770 doc
873 1707 914 1792 μιὶ
932 1707 1035 1793 ὅμδρα
1044 1715 1172 1795 γμᾶισα
1182 1710 1350 1774 ἑθιὶλασα.

153 1827 263 1906 κλῖμομ
295 1822 435 1904 σταυρέ,
472 1819 633 1902 Βούλομαι
663 1813 717 1904 τῷ
748 1814 809 1904 υἱῲ
841 1843 902 1903 μου
932 1815 1202 1905 ωεμιωλακιῖμαι·
1239 1827 1350 1907 κλὶμομ

153 1935 292 2016 σταυρέ,
310 1933 367 2016 ῗμα
386 1925 439 2016 τῷ
459 1925 521 2015 υἱῲ
544 1954 605 2014 μου
627 1933 683 1994 ιὶοσ
704 1930 807 2016 μύτιιρ
826 1929 1047 2016 συμτύγοομαι.
1079 1926 1191 1995 ταῦτα
1210 1929 1348 2016 ἆκούομ-

151 2067 216 2106 τεσ
239 2044 269 2107 οἱ
281 2041 432 2106 Ἰουδαῖοι
447 2040 714 2126 ωροσελθὸμτεσ
730 2044 870 2126 ἑδὶωγαμ
891 2045 941 2106 καὶ
963 2042 1067 2127 αῦτιὶμ
1084 2048 1134 2105 καὶ
1149 2043 1218 2106 τὰσ
1232 2049 1350 2129 γυμαὶ-
1400 2118 1410 2131 ⁴

153 2178 217 2217 κασ
233 2157 281 2218 καὶ
298 2152 357 2237 τὸμ
368 2151 529 2237 Ἱοούμμιιμ
547 2152 681 2237 μακρύμ.

151 2325 272 2394 Βαρέωσ
284 2322 455 2394 στεμαγμοῦ
475 2322 516 2376 καὶ
532 2321 724 2395 ωικροτάτοομ
738 2320 869 2395 δακρύωμ
882 2320 1113 2396 ωαραωομόμτα
1125 2327 1155 2394 [ἲ
1168 2327 1221 2395 sie]
1236 2325 1351 2396 έιφαρεμ

150 2410 235 2480 ωρὸσ
246 2430 271 2465 τ.
285 2410 349 2480 ἀρχ.
356 2414 381 2465 Γ
382 2429 409 2463 α.
421 2409 534 2481 λέγοιμ·
548 2407 575 2461 ὦ
584 2413 607 2461 Γ
609 2413 656 2478 α),
668 2409 734 2463 ωοῦ
747 2411 831 2482 εἱὶμα
843 2409 993 2483 ὁικάσομαι
1006 2408 1082 2484 μετὰ
1095 2409 1163 2471 σούς
1175 2409 1241 2463 ωοῦ
1255 2427 1302 2483 μοι
1314 2409 1351 2464 τὸ

150 2504 240 2569 χαῖρε,
258 2495 275 2552 ὃ
289 2498 386 2568 έῴιιος
403 2500 480 2549 ωώσ
494 2496 546 2550 οῦκ
558 2496 649 2550 εἱωέο
663 2515 708 2569 μοι
723 2497 827 2550 ἔκτοτε
839 2494 877 2550 τὰ
890 2493 1003 2568 ἄμετρα
1016 2493 1134 2569 &impu
1147 2495 1203 2550 τοῦ
1214 2489 1354 2563 γλυκυτό·

150 2603 208 2638 του
222 2585 263 2638 καί
278 2580 425 2655 φιλτάτου
438 2600 494 2656 μου
506 2582 579 2646 υἱοῦ,
594 2582 635 2636 καὶ
643 2582 725 2652 [τοῦ]
739 2582 929 2656 μομογεμοῦο
940 2580 994 2654 τὸμ
1009 2578 1106 2654 ἅδικομ
1121 2578 1267 2656 θάματομ;
1277 2585 1355 2634 ωῶο

151 2671 202 2724 οὐκ
219 2670 309 2723 εἱωέσ
329 2686 375 2741 μοι
393 2665 450 2740 τιὶμ
469 2665 709 2739 ᾶωαραμύθιιτομ
728 2669 826 2740 θλὶψιμ
845 2667 904 2721 τῦσ
925 2667 1004 2739 έμῦο
1021 2667 1130 2738 ψυχιὶο
1147 2671 1218 2735 (cod.
1240 2664 1353 2739 μόμιιο)

150 2756 217 2824 ωερί
230 2754 284 2809 τοῦ
298 2759 369 2822 (eod.
383 2753 440 2826 μοῦ
452 2773 499 2823 pro
512 2771 564 2809 ωε.
576 2752 642 2820 τοῦ)
655 2753 820 2820 ἁγαωιιτοῦ
832 2752 910 2813 υἱούς
927 2757 1004 2805 ωῶσ
1017 2753 1068 2806 οῦκ
1081 2753 1171 2807 εἳωέσ
1185 2770 1231 2824 μοι
1245 2750 1281 2806 τὸ
1303 2754 1354 2826 ἁμ-

151 2835 325 2912 εκὸιύγιιτομ
346 2842 387 2892 καὶ
405 2841 600 2912 τεθλιμμέμομ
619 2836 771 2911 χωρισμὸμ
790 2837 842 2892 τοῦ
864 2838 1069 2910 σωλαγχμικοῦ
1089 2857 1145 2911 μου
1163 2839 1227 2892 υἱοῦ
1241 2841 1282 2894 καί
1295 2839 1353 2913 τῦμ

151 2927 287 2997 στέριιοιμ
300 2929 365 2997 τώμ
379 2925 599 2997 ἑσκοτιομέμοομ
614 2942 671 2995 μου
685 2924 868 2995 ὀψθαλμὼμ;
887 2927 964 2977 ωὼσ
976 2921 1048 2977 τότε
1062 2923 1112 2976 οῦκ
1129 2924 1219 2978 εἱωέσ
1233 2942 1280 2997 μοι
1293 2925 1352 2998 τῦμ

149 3012 382 3083 ωαμεωίθουλομ
399 3007 568 3082 ωαρὰὄοσιμ
585 3010 641 3063 τοῦ
657 3010 721 3063 υἱοῦ
741 3027 797 3081 μου
814 3005 899 3076 ωαρά
919 3007 973 3060 τοῦ
992 3008 1092 3061 δολίου
1110 3011 1151 3061 καί
1168 3009 1352 3084 ωαραμόμου

142 3095 244 3151 Ἰούδα
255 3097 311 3150 τοῦ
325 3096 462 3169 μαθιιτοῦ
476 3097 517 3149 καὶ
530 3091 707 3157 ἑωιθούλους
728 3092 801 3164 κύριε
818 3096 957 3166 ἐλέιιοομ.
981 3098 1059 3148 ωῶο
1076 3097 1103 3147 οἱ
1119 3096 1350 3169 τειυῴλωμέμοι

152 3186 194 3239 καὶ
208 3183 409 3256 ἐσκοτιομέμοι
424 3200 481 3255 μου
494 3183 644 3255 ὀφθαλμοὶ
657 3184 802 3236 Βλέωουσι
815 3181 952 3235 τοσαῦτα
970 3178 1089 3252 Βὰσαμα
1099 3180 1155 3235 τοῦ
1166 3179 1352 3249 γλυκυτάτου

150 3273 191 3326 καὶ
206 3263 496 3342 σωλαγχμικοοτύτου
511 3285 568 3339 μου
579 3268 656 3330 υἱοῦ;
672 3269 719 3322 τὶο
731 3270 764 3339 ἐμ
776 3264 865 3338 ωάσγι
878 3267 915 3338 τῇ
930 3268 1087 3340 οῑκουμέμῌ
1100 3268 1179 3339 εἷχεμ
1192 3265 1354 3322 τοιούτουσ

68 3394 72 3401 ·
148 3355 281 3430 ωὸμουσ,
296 3358 338 3410 καί
348 3355 453 3427 εὑρεθῇ
465 3357 641 3410 καταοΒέσαι
654 3373 711 3428 μου
721 3353 796 3408 τοῦσ
805 3351 965 3409 τοιούτουο
974 3351 1162 3424 Βαρυτὰτουο
1172 3352 1298 3428 ωύμουσ
1310 3357 1351 3408 καὶ

149 3441 341 3516 οτεμαγμοῦσ
358 3442 413 3495 τοῦ
425 3440 577 3513 χωρισμοῦ
595 3441 650 3494 τοῦ
664 3439 855 3513 μομογεμοῦο
868 3457 925 3512 μου
936 3440 1001 3494 υἱοῦ
1018 3441 1059 3493 καί
1072 3439 1144 3493 θεοῦ
1150 3460 1157 3502 ;
1176 3444 1251 3513 οῐμοι
1266 3444 1352 3514 οἴμοι,

148 3529 191 3582 υἱέ
209 3546 266 3601 μου
283 3528 489 3600 ωαμῲὶλτατε.
524 3526 590 3580 ωοῦ
609 3523 772 3598 καταφύγω
792 3524 811 3579 ιῖ
830 3525 896 3578 ωοῦ
912 3521 1111 3598 ωροοόρὰμοο;
1131 3529 1220 3599 οἴμοι,
1236 3527 1349 3600 τέκμομ,

149 3619 234 3688 οἶμαι.
258 3617 300 3669 καὶ
317 3619 395 3668 ωὼο
414 3609 591 3687 ᾠαμιὶσομαι
609 3619 675 3668 τοῖο
691 3613 871 3687 ἁμθρώωοισ
884 3618 1019 3682 (corrupte
1036 3628 1150 3684 uterque
1169 3618 1254 3668 codex
1272 3617 1350 3668 addit

147 3702 209 3756 τῦο
221 3699 377 3755 τοοαύτιισ
388 3703 576 3774 λυωιιμέμιισ
591 3703 632 3755 καί
644 3702 940 3774 ωαραωομεμέμιιο);
958 3700 984 3753 τί
997 3700 1079 3772 εἱχομ
1096 3701 1194 3773 λέγειμ
1208 3700 1269 3754 καθ’
1283 3699 1349 3752 ἑαυ-

147 3793 212 3860 τῶμ
225 3789 304 3856 ιἰωὲρ
317 3788 383 3860 ἐμέ;
400 3790 490 3859 οἶμαι,
510 3789 586 3842 αύτιι
601 3789 679 3861 ἑστὶμ
693 3787 747 3842 τοῦ
762 3788 921 3859 ὂὸυμιιρῶσ
934 3790 975 3850 (ἱιι
987 3790 1079 3841 codiee
1091 3796 1207 3855 utroquo
1219 3792 1348 3855 seriptum
1394 3834 1398 3842 .

148 3886 191 3931 est
202 3871 401 3944 τοῦτὸὄυμοσ)
419 3865 585 3948 κεκριμέμου
604 3870 715 3946 μύτιιρ,
733 3872 831 3940 ὄσυιερ
850 3871 982 3924 ἑκαλεῦτο
996 3869 1137 3924 Βαοιλεῦσ
1157 3872 1198 3923 καὶ
1216 3869 1282 3925 υἱὸο
1293 3869 1348 3924 τοῦ

150 3960 229 4017 θεοῦ.
255 3963 342 4032 οῐμοι,
363 3953 527 4028 γλυκύτατε
548 3960 590 4014 υἱέ
612 3978 680 4030 μου,
701 3961 778 4011 ωῶο
799 3956 863 4026 έχοο
887 3955 1053 4030 μμιιοθιὶμαι
1074 3957 1133 4010 τῦσ
1154 3956 1285 4027 ἀμέτρου
1306 3957 1349 4010 καῖ

148 4045 360 4118 σωλαγχμικῦσ
381 4062 437 4099 σου
458 4044 602 4114 ἁγὰωιισς
627 4043 691 4099 ἀλλ’
714 4045 779 4097 ἓωσ
799 4039 932 4115 θαμύτου
953 4042 1094 4114 έσταισαμ
1116 4043 1148 4113 ἐμ
1170 4043 1235 4113 ἐμοὶ
1253 4041 1347 4103 λύωιι,

149 4133 275 4203 θλίψεισ,
286 4128 390 4204 ωὸμοι,
408 4124 514 4199 δάκρυα
523 4132 569 4185 καῖ
583 4131 742 4204 στεμαγμοὶ
755 4127 998 4200 ᾶωαραμίθιιτοι.
1024 4130 1065 4182 καὶ
1079 4128 1130 4181 οῦκ
1142 4127 1222 4200 έσιιμ
1236 4128 1269 4200 ἐμ
1283 4129 1348 4199 ἐμοὶ

146 4217 331 4286 ωαριιγορὶα,
349 4217 393 4269 υἱέ
413 4233 483 4287 μου,
502 4216 635 4287 οῦὸεμὶα,
654 4215 711 4277 ὅτι,
728 4209 792 4284 ἄρτι
810 4215 932 4274 Βλέωοο,
951 4214 1108 4285 χωρὶζομαι
1127 4211 1194 4266 dmi>
1214 4213 1279 4268 σοῦ.
1305 4214 1347 4267 καὶ

146 4300 273 4373 λοιωόμ,
290 4303 332 4355 υἱέ
346 4319 415 4375 μου,
432 4300 645 4375 ᾶωοθαμοῦμαι
660 4301 740 4370 κάγὼ
754 4301 819 4374 ἅμα
831 4298 886 4374 σύμ
899 4300 957 4361 σοί,
976 4301 1017 4352 καὶ
1030 4299 1158 4362 ἐλθέτω,
1174 4301 1278 4372 ὁέομαὶ
1291 4318 1349 4354 σου

147 4389 199 4450 υἱέ,
212 4389 229 4441 ὁ
242 4386 431 4458 ἁρχὰγγελοσ
445 4392 469 4442 Γ
470 4385 572 4456 αθριιὶλ
584 4387 601 4440 ὁ
614 4385 710 4442 δόσασ
722 4391 752 4456 (ιι
765 4389 882 4453 δώσασ)
896 4404 943 4459 μοι
955 4389 1085 4457 ωρῶτομ
1097 4383 1171 4439 τότε
1183 4384 1288 4460 χαράμ,
1302 4386 1347 4440 καὶ

150 4470 293 4548 ουμςεύρει
315 4472 373 4546 τιὶμ
387 4471 494 4546 ψυχιὶμ
517 4491 575 4545 μου
596 4471 671 4546 μετὰ
692 4473 757 4528 σοῦ.
791 4470 886 4542 ωόλιρ
906 4472 1003 4543 έκραρε
1022 4470 1114 4544 ψωμῷ
1134 4469 1250 4545 μεγὰλιι
1270 4468 1347 4545 μετὰ
