2962 4912
593 328 863 380 raonaoouuun.
1208 351 1327 397 mm

155 485 290 553 historiae
316 482 480 546 rationem
506 480 667 561 referens,
696 481 848 563 inprimis
874 480 1042 547 destinata
1068 480 1170 548 fuisse
1197 484 1326 550 videtur

156 609 185 665 ut
207 597 251 660 die
275 592 410 677 Iosephi
441 592 541 676 festo,
572 593 607 656 in
638 593 827 658 memoriam
858 593 969 658 obitus
998 594 1068 659 eius
1095 595 1260 676 instituto,
1291 598 1326 661 in

155 711 292 776 conventu
320 725 414 770 sacro
441 703 698 787 praelegeretur.
746 703 828 769 Dies
854 704 909 769 ille
932 693 1004 771 'non
1031 705 1127 772 modo
1156 707 1191 771 in
1212 707 1342 801 libello

156 824 244 886 noabo
274 821 553 881 commemoratur
584 837 655 898 cap.
677 817 743 896 29,
775 816 1052 899 quemadmodum
1079 816 1152 882 fieri
1179 819 1265 884 solet
1292 821 1326 884 in

155 930 212 995 ritis
227 934 417 993 sanctorum
436 926 542 992 eidem
559 928 634 992 usui
649 927 833 1008 destinatio,
851 930 890 992 *et
906 928 1049 993 solemne
1067 930 1326 995 anniversarium

155 1037 392 1120 commendatur,
423 1038 480 1102 sed
508 1039 607 1103 etiam
636 1038 861 1104 oblationibus
890 1060 930 1104 ea
961 1040 1134 1106 occasione
1164 1040 1327 1106 faciundis

153 1157 264 1219 aeterna
286 1150 437 1232 praemia
459 1155 689 1231 proponuntur
711 1171 783 1233 cap.
799 1152 849 1215 26.

217 1260 373 1343 Denique
399 1260 562 1325 sententia
590 1268 705 1326 nostra
731 1261 771 1326 de
801 1263 931 1343 coptica
958 1262 1086 1345 origine
1114 1264 1327 1329 confirmatur

152 1372 283 1457 pluribus
308 1373 394 1437 locis
415 1372 494 1436 libri
516 1371 724 1455 dogmaticis,
751 1373 934 1439 cuiusmodi
957 1379 1009 1438 est
1031 1374 1216 1440 convivium
1236 1377 1327 1442 mille

151 1505 293 1551 annorum
321 1484 429 1566 capite
452 1485 502 1547 26.
531 1490 830 1549 commemoratum.
872 1484 992 1549 Facile
1021 1485 1110 1550 enim
1137 1486 1327 1552 chilieamus

151 1617 231 1680 quem
260 1601 381 1659 vocant
409 1593 526 1677 Coptis
555 1594 770 1675 Christianis,
800 1594 924 1678 ingenii
956 1597 1086 1679 mystici
1118 1603 1152 1662 et
1181 1597 1328 1678 fanatici,
1369 1630 1376 1638 =

152 1709 338 1790 maximeque
368 1707 411 1770 iis
439 1707 495 1789 qui
526 1707 707 1772 innumeris
733 1707 944 1772 monasteriis
972 1708 1106 1773 deserta
1127 1708 1253 1792 Libyae
1280 1711 1329 1775 in-

153 1819 299 1900 colebant,
328 1819 428 1884 etiam
455 1822 526 1881 tum
553 1818 684 1908 placere
711 1824 842 1900 poterat
863 1840 965 1901 quum
994 1819 1132 1885 ecclesia
1154 1825 1188 1884 et
1209 1840 1329 1903 graeca

154 1907 181 1998 tt
201 1931 296 1996 latina
316 1928 441 1994 dudum
467 1928 666 2012 repudiarat.
708 1928 796 1994 Item
820 1951 905 2012 quae
932 1930 1042 2012 capite
1068 1933 1115 1994 14.
1143 1929 1183 1995 de
1209 1936 1329 1997 natura

156 2043 269 2125 spiritus
297 2041 405 2106 sancti
432 2040 685 2124 praecipiuntur
712 2061 786 2105 cum
814 2040 857 2104 iis
884 2040 954 2106 fere
982 2041 1183 2107 conveniunt
1203 2063 1331 2124 quaea

158 2153 259 2237 Cyrillo
280 2150 512 2217 Alexandrino
538 2153 574 2215 in
600 2151 765 2217 anathem.
788 2150 854 2216 IX.
878 2150 933 2232 (ci.
956 2152 1152 2217 Theodoret
1176 2174 1251 2235 opp.
1267 2152 1328 2220 IV.

159 2287 186 2348 p.
197 2267 266 2344 ili.)
289 2264 323 2327 in
347 2284 420 2328 eam
444 2284 513 2328 rem
536 2262 733 2327 dictasunt.

229 2374 315 2459 Quae
339 2395 441 2456 quum
462 2375 511 2439 ita
534 2374 608 2452 sint,
631 2374 765 2439 omnino
788 2373 969 2439 deserenda
991 2380 1042 2438 est
1058 2373 1182 2439 Isidori
1205 2375 1245 2439 de
1259 2375 1331 2440 Iso·

160 2487 228 2552 lanis
246 2486 407 2550 sententia
425 2485 482 2568 qui
505 2484 685 2550 hebraeum
708 2484 854 2549 malebat
876 2491 1053 2566 auctorem,
1076 2492 1244 2568 permotus
1266 2506 1332 2550 ma·

163 2599 229 2662 xime
252 2597 449 2662 auctoritate
476 2596 617 2678 exempli
643 2595 738 2660 latini
769 2594 859 2677 quod
887 2617 973 2661 anno
999 2599 1091 2661 1340.
1120 2617 1160 2660 ex
1187 2595 1331 2661 hebraeo

165 2708 332 2772 tanslatum
355 2728 426 2772 esse
450 2707 650 2789 subscriptio
673 2706 867 2771 testabatur.
910 2706 1024 2772 Possit
1045 2707 1166 2790 aliquis
1184 2708 1219 2772 in
1237 2729 1331 2772 usum

166 2818 399 2884 Christianorum
430 2839 470 2882 ex
500 2817 636 2882 Iudaeis
666 2819 858 2901 Aegyptum
890 2822 923 2881 et
953 2816 1086 2900 Syriam
1120 2817 1331 2883 incolentium

167 2951 228 3012 opos
245 2930 405 3011 copticum
427 2928 580 2994 hebraice
598 2950 728 2994 versum
752 2929 896 3011 opinari,
914 2928 971 2993 sed
993 2928 1028 2992 id
1050 2949 1071 2992 a
1094 2930 1331 2994 cousuetudine

167 3040 291 3105 abhorret
307 3039 574 3106 Christianorum
597 3061 637 3104 ex
655 3039 822 3104 Hebraeis
845 3039 969 3122 ubique
991 3038 1206 3122 bilinguibus,
1224 3059 1331 3122 neque

166 3151 244 3232 magis
262 3151 293 3215 id
316 3151 501 3216 sententiae
516 3150 641 3216 Isidori
656 3151 696 3216 de
712 3150 856 3215 Isolanis
879 3157 937 3216 aut
959 3150 1194 3233 subscriptioni
1210 3150 1332 3216 codicis

165 3259 231 3324 illius
249 3262 341 3326 latini
366 3261 564 3326 conveniens
587 3268 646 3326 est.
690 3261 818 3329 Verum
844 3261 893 3326 ita
915 3261 1169 3327 existimandum
1192 3268 1256 3342 est,
1284 3263 1333 3326 in-

163 3378 312 3454 terpretem
334 3373 473 3438 latinum
496 3372 746 3438 commendandi
768 3372 844 3437 libri
863 3393 982 3452 caussa
1000 3372 1042 3437 ad
1059 3372 1241 3438 hebraeum
1258 3394 1333 3455 proe

161 3503 269 3547 vocasse
291 3490 431 3564 textum,
453 3483 728 3566 quemadmodum
751 3488 802 3548 tot
824 3483 1087 3567 apocryphorum
1110 3484 1180 3548 eius
1203 3485 1332 3566 generis

158 3600 287 3660 auctores
319 3617 359 3659 ex
390 3595 531 3661 hebraeo
563 3616 596 3660 se
628 3595 839 3661 transtulisse
867 3595 1040 3660 finxerunt.
1086 3592 1185 3679 Quod
1213 3600 1251 3660 ut
1277 3595 1333 3662 ille

156 3705 284 3789 lingeret,
305 3705 384 3771 iecit
399 3708 498 3772 etiam
516 3706 604 3789 quod
618 3707 725 3789 primo
743 3707 851 3789 capite
873 3707 1017 3788 apostoli
1040 3706 1126 3770 hunc
1148 3726 1333 3772 sermonem

151 3895 250 3959 I’Eylire
267 3895 430 3954 d'Oecideat,
454 3899 479 3945 et
496 3912 543 3960 qu
562 3896 599 3946 lea
618 3897 763 3946 Oordelr'm
781 3896 879 3962 l'cyorrt
895 3911 983 3945 receae
1000 3912 1031 3945 ea
1049 3898 1132 3956 1³⁰9,
1151 3896 1200 3946 aaa
1217 3898 1278 3946 r'eat
1293 3912 1334 3947 ee·

146 3981 203 4029 saite
223 3979 348 4042 rependere
370 3980 437 4029 dono
460 3984 542 4029 tocies
564 3980 600 4029 les
617 3980 722 4044 Eylo'oer
743 3980 846 4030 latiores.
883 3979 923 4030 lle
941 3987 1061 4044 tempore
1079 3996 1131 4044 qao
1149 3981 1275 4030 memoria
1293 3980 1334 4030 lo·

144 4066 215 4130 oephi
237 4068 310 4116 ferta
327 4067 399 4130 apud
418 4066 531 4117 batiaca
549 4073 659 4131 recepta
677 4069 714 4117 ait
732 4066 862 4118 dissentit
879 4069 923 4118 vel
942 4074 1013 4118 certe
1032 4065 1139 4117 videtur
1157 4068 1301 4118 dissentire
1320 4086 1335 4118 a

141 4151 271 4201 Bollando
295 4150 431 4203 Calmct.
467 4151 509 4202 Cf.
535 4153 591 4202 ciue
617 4153 720 4202 desert.
744 4153 775 4201 de
799 4153 828 4202 S.
848 4153 939 4214 Ioseph
963 4153 993 4203 S.
1012 4152 1117 4202 Mariae
1142 4155 1207 4216 ciry.
1231 4156 1336 4217 ocaiaye

140 4245 191 4289 art.
206 4236 281 4288 Vlll.
309 4239 385 4301 (bue.
406 4239 494 4301 1729.)
517 4240 563 4288 ubi
582 4239 621 4288 ait
638 4240 703 4288 Dira
720 4238 803 4288 obiter
820 4240 854 4288 ad
874 4239 914 4288 19.
931 4238 1026 4289 Martii
1043 4244 1149 4289 notatae·
1165 4240 1193 4287 iu
1210 4245 1335 4304 martyro·

140 4325 215 4389 ioyiie
237 4325 311 4374 altra
334 4327 385 4376 800
406 4341 486 4376 aanor
503 4326 691 4385 causareris,
715 4325 869 4390 prosodiam
885 4327 983 4391 sartam
1000 4326 1057 4388 opit
1073 4326 1101 4373 in
1118 4326 1172 4374 cire
1188 4329 1332 4376 materiem

137 4411 245 4460 eeclesia
263 4411 357 4461 latim.
