2962 4912
143 306 231 353 mm
607 285 882 339 rsouuoounns.

143 439 177 505 N
178 440 319 506 icodemi
333 440 498 522 interpres
513 439 644 504 dicitur.
674 438 765 504 Hinc
783 439 950 523 prioribus
967 435 1077 524 Ἐγὼ
1091 435 1264 522 ’λμαμῖασ
1286 439 1350 513 etc.

142 552 195 618 vel
218 552 350 617 omissis
377 551 429 617 vel
455 572 630 634 perperam
657 552 810 634 repetitis
838 551 959 616 velex
986 550 1126 616 arbitrio
1154 548 1349 628 immutatis,

143 662 419 746 quemadmodum
449 664 485 728 in
515 662 666 745 pluribus
696 662 811 728 latinis
842 663 1011 729 codicibus
1042 668 1161 728 contro
1191 661 1283 744 copti
1314 664 1350 726 et

142 795 340 859 graecorum
361 774 596 840 auctoritatem
618 775 684 840 ism
707 775 812 858 ipsius
833 772 1011 840 Nicodemi
1039 793 1160 840 nomen
1181 755 1350 838 intrusum

141 886 279 970 legitur,
310 885 509 952 addiderunt
536 886 595 951 illu
616 885 716 950 Ὅσα
745 886 818 967 (alii
845 891 896 950 καὶ
924 884 1004 968 ὅσα)
1038 884 1125 968 μετὰ
1151 883 1212 969 τὸμ
1241 906 1348 947 σταυ-

143 997 199 1082 ρόμ
223 1003 283 1063 etc
307 997 359 1062 vel
380 992 515 1076 similis;
543 1019 620 1063 num
647 1005 682 1063 et
708 997 791 1064 bsec
812 998 895 1063 setis
916 996 1087 1062 fluctuent.
1130 995 1263 1061 Rursus
1289 993 1349 1059 ulii

142 1108 317 1193 prologum
353 1115 531 1191 utrumque
569 1110 769 1190 omiserunt,
805 1109 1002 1191 praesertim
1033 1128 1136 1191 quum
1167 1112 1348 1189 utrumque

142 1221 354 1287 coniunctum
385 1241 459 1286 cum
487 1241 522 1284 se
550 1221 623 1303 ipso
650 1241 798 1303 pugnare
826 1221 861 1285 iu
889 1220 1002 1303 aprico
1034 1225 1137 1300 esset;
1170 1218 1349 1301 antiquum

141 1352 220 1396 vero
243 1332 404 1414 temporis
425 1332 460 1395 in
482 1331 606 1396 talibus
628 1332 713 1397 sctis
736 1331 904 1397 indicendi
927 1352 1053 1396 morem
1071 1351 1131 1396 nec
1146 1334 1273 1396 norunt
1287 1349 1349 1394 nec

141 1443 364 1510 necessarium
386 1442 561 1508 duxerunt.

228 1573 344 1654 Atque
366 1572 449 1637 bsec
464 1571 597 1653 quidem
617 1571 658 1636 de
678 1570 802 1654 duplici
824 1571 900 1636 libri
922 1569 1139 1653 praelatione.
1169 1569 1347 1635 Historiae

141 1705 220 1751 vero
242 1684 390 1765 initium,
417 1682 506 1764 quod
529 1689 580 1747 est
603 1682 690 1765 apud
713 1703 775 1747 nos
797 1683 1007 1766 Ccpssodmop
1034 1681 1101 1766 γὰρ
1125 1681 1348 1764 ωοιήσαμτεσ

143 1799 175 1859 oi
196 1792 379 1880 ἆρχιερεῖσ,
411 1795 500 1878 apud
522 1792 698 1860 Thilonem
712 1794 851 1878 Ἄμμασ
878 1799 928 1857 καὶ
952 1794 1133 1877 Καῑόῲασ,
1164 1812 1347 1875 rursusque

141 1907 176 1971 in
199 1907 274 1972 eliis
297 1906 465 1972 codicibus
488 1906 587 1987 aliud,
610 1906 652 1971 sb
675 1905 791 1971 eodem
812 1905 998 1988 profectum
1021 1925 1092 1970 esse
1115 1905 1271 1970 existimo
1290 1905 1347 1986 qui

140 2017 218 2083 libri
241 2018 396 2083 Ananiae
424 2018 492 2083 sire
516 2018 652 2083 Aeneae
682 2017 884 2082 auctoritate
912 2016 1031 2083 edendi
1054 2036 1168 2081 curem
1189 2017 1348 2098 suscepit.

141 2127 245 2194 euius
273 2150 375 2211 quum
402 2134 502 2194 autea
528 2129 595 2193 alis
624 2129 713 2193 ratio
741 2135 844 2211 esset,
875 2129 942 2193 iem
970 2134 1004 2194 et
1030 2129 1105 2211 ipss
1131 2129 1214 2192 satis
1241 2127 1349 2192 divul-

140 2246 233 2323 gata,
255 2239 379 2304 luctum
402 2245 513 2306 estut
535 2239 632 2304 modo
655 2240 798 2323 pristine
819 2240 917 2306 modo
939 2241 1106 2306 recentior
1127 2245 1348 2322 repeteretur,

141 2350 239 2416 modo
263 2372 303 2416 ex
324 2351 476 2433 utrisque
498 2371 585 2416 nova
607 2351 815 2417 conflaretur.
860 2352 974 2434 Atque
997 2351 1151 2417 similiter
1172 2372 1261 2434 quse
1288 2371 1349 2434 per

140 2467 249 2528 totum
288 2467 416 2527 textum
455 2463 540 2527 mire
579 2462 731 2528 lectionis
768 2465 913 2529 varietas
952 2470 1020 2544 est,
1060 2485 1100 2528 es
1136 2463 1349 2546 potissimum

140 2572 217 2638 inde
246 2579 297 2638 est
319 2572 499 2638 derivando
521 2573 611 2656 quod
634 2595 720 2656 quse
746 2574 823 2640 huic
850 2595 948 2657 quem
975 2574 1119 2640 diximus
1147 2573 1271 2639 editori
1293 2573 1350 2639 de-

140 2683 239 2748 betur
266 2685 421 2749 universa
447 2684 524 2749 libri
551 2684 659 2751 forma
685 2706 753 2750 non
780 2690 909 2749 tantam
936 2685 1080 2750 habebnt
1107 2686 1350 2751 auctoritatem

140 2801 178 2860 ut
199 2796 344 2878 pristine
366 2816 427 2861 nec
448 2800 657 2879 repeteretur
678 2817 739 2861 nec
762 2816 836 2861 cum
858 2817 944 2861 nove
967 2796 1236 2863 confunderetur.

228 2923 380 2988 Iamrero
403 2923 444 2988 de
465 2923 677 2990 Nicodemi
704 2926 837 2990 nomine
865 2927 1012 2990 auctoris
1035 2924 1261 3008 quaerendum
1286 2928 1351 3006 est,

140 3032 230 3115 quod
252 3053 390 3116 magnos
413 3056 452 3099 ac
474 3056 590 3118 graves
613 3035 654 3100 de
676 3035 761 3100 libro
785 3042 900 3101 nostro
929 3058 1059 3101 errores
1088 3037 1222 3102 crearit.
1267 3034 1350 3100 Hoc

140 3144 228 3210 enim
250 3166 353 3227 quum
381 3145 424 3210 sb
451 3146 599 3228 antiquis
626 3167 693 3210 non
721 3152 1013 3211 commemoratum
1039 3146 1204 3228 riderent,
1235 3147 1351 3228 ipsum

140 3255 361 3339 evangelium,
389 3257 512 3340 quippe
534 3256 623 3338 quod
646 3256 821 3322 Nicodemi
844 3258 1024 3338 diceretur,
1052 3263 1105 3322 sst
1130 3258 1258 3322 recenti
1280 3276 1351 3322 me-

140 3369 248 3433 moris
268 3369 289 3433 i.
305 3389 331 3433 e.
348 3373 442 3432 sexto
465 3367 534 3433 fere
557 3368 688 3433 saeculo
711 3368 861 3451 prodisse
880 3369 1103 3452 opinabuntur
1111 3369 1145 3450 ¹).
1174 3366 1350 3432 Nimirum

139 3477 180 3544 de
204 3479 345 3548 Graecis
376 3479 461 3544 nihil
491 3480 674 3544 testimonii
703 3480 743 3545 de
775 3479 944 3563 evangelio
967 3479 1143 3545 Nicodemi
1173 3484 1349 3562 repertum

139 3596 199 3671 est,
222 3590 287 3653 nisi
309 3589 398 3671 quod
421 3591 455 3653 in
478 3592 582 3655 reteri
604 3590 789 3672 Synnxsrio
813 3596 864 3656 est
886 3595 1042 3675 λέγεται
1072 3594 1185 3675 μέμτοι
1210 3593 1269 3654 cbo
1293 3594 1348 3654 καὶ

140 3700 335 3784 Νικόδημοσ
366 3699 475 3765 cirron
505 3709 745 3786 λεωτομερῶσ
772 3702 818 3764 τὰ
846 3701 932 3765 κατὰ
957 3702 999 3766 τὸ
1025 3702 1148 3766 ωάθοσ
1174 3697 1240 3766 τοῦ
1263 3703 1348 3786 Χρι-

226 3941 249 4006 1)
266 3945 389 4008 Exempli
408 3959 502 3994 ceum
520 3944 582 3995 ride
601 3960 669 4009 quse
687 3945 719 3993 dc
736 3947 855 4004 Am,
879 3947 921 3995 vir
939 3946 1129 3996 celeberrimus
1147 3954 1177 3997 οῖ
1195 3947 1265 3996 sliu
1284 3961 1348 3996 ncu-

138 4031 211 4080 mine
228 4032 345 4094 pollens,
364 4029 398 4080 de
416 4032 559 4096 ernngdio
576 4030 719 4081 Nicodemi
738 4031 867 4081 disseruit
884 4031 967 4080 msc·
984 4032 1048 4080 Jm
1065 4031 1089 4080 1.
1107 4048 1134 4096 p·
1153 4034 1205 4082 102
1223 4048 1265 4096 sq.
1301 4032 1348 4082 Da

138 4121 195 4166 ῖνσῖ
210 4117 333 4166 meeber
347 4117 404 4166 den
418 4119 532 4167 rechem
547 4118 600 4166 eod
617 4119 721 4166 ubete·
732 4118 911 4166 laurensem
925 4121 968 4166 ein
984 4117 1082 4167 kleim
1093 4118 1168 4166 Beck
1182 4119 1278 4167 horror
1290 4123 1346 4168 otc.

139 4201 190 4251 nis
207 4202 302 4251 mirum
321 4203 350 4251 in
367 4202 474 4252 modum
493 4204 587 4252 stetim
608 4202 753 4252 subiunct-
770 4208 835 4252 sunt
862 4202 943 4252 Under
959 4203 1008 4251 den
1025 4203 1223 4265 nemerim·
1239 4203 1289 4252 dor
1306 4201 1347 4252 lo·

138 4290 276 4339 &inirem
298 4287 494 4353 Usuerna-25,
517 4290 560 4338 die
581 4288 674 4338 beroien
694 4305 725 4337 ru
743 4287 820 4338 nna«
836 4289 881 4337 des
897 4291 1012 4338 neum
1029 4290 1222 4338 laurum
1242 4290 1287 4338 ein
1301 4305 1346 4353 μ·

134 4376 254 4439 ’πίειρα
270 4375 388 4424 Ambe·
404 4374 497 4423 erbielt
515 4381 568 4423 ete.
