2962 4912
419 273 652 324 EVANGELIUM
671 274 819 325 THOMAE
838 274 1008 325 LATINUM.
1036 275 1082 326 VI.
1293 277 1351 339 171

178 425 334 518 spondere.
380 423 429 488 Et
454 444 639 490 conversus
667 425 704 488 in
729 425 956 508 semetipsum
981 424 1098 491 infans
1125 426 1293 491 exultavit
1318 435 1354 493 et

178 534 258 602 dixit:
284 525 513 592 Proverbium
539 526 612 591 dixi
636 526 749 606 vobis3
777 547 840 611 ego
867 535 984 593 autem
1010 528 1082 594 scio
1109 530 1192 612 quia
1217 528 1352 596 debiles

177 637 242 706 estis
257 635 288 695 ot
303 628 514 693 nescientes.

242 731 364 796 lDixit
385 736 503 796 autem
524 731 690 814 magister
711 730 771 795 ille
795 730 839 795 ad
859 730 1002 815 Ioseph:
1033 730 1134 797 Affer
1154 754 1232 798 enm
1255 733 1351 815 mihi,

174 864 223 929 ego
237 832 362 900 docebo
383 854 462 899 eum
483 833 631 898 litteras.
663 832 793 916 Ioseph
813 839 929 899 autem
950 835 1184 918 apprehendit
1205 857 1353 918 puerum

173 949 269 1014 lesum
284 943 320 1002 et
334 936 483 1002 adduxit
497 935 597 1000 illum
613 937 650 1000 in
667 936 806 1011 domum
823 935 1004 1002 cuiusdam
1021 939 1190 1022 magistri,
1213 939 1273 1004 ubi
1290 939 1351 1004 alii

171 1042 253 1136 pueri
272 1039 498 1105 docebantur.
544 1037 717 1123 Magister
736 1060 816 1104 vero
838 1038 933 1105 dulci
956 1061 1113 1106 sermone
1135 1043 1251 1126 coepit
1273 1062 1351 1108 curn

172 1155 273 1219 docere
289 1142 438 1223 litteras,
456 1148 492 1206 et
508 1142 650 1225 scripsit
665 1141 719 1207 illi
730 1142 880 1225 primurn
894 1143 1105 1208 versiculum
1123 1146 1182 1228 qui
1200 1150 1254 1209 est
1270 1144 1313 1210 ab
1331 1165 1351 1208 a

172 1269 262 1334 usque
277 1251 300 1327 t,
318 1250 354 1311 et
373 1245 488 1327 coepit
505 1265 583 1309 eum
599 1245 743 1328 palpare
761 1252 797 1310 et
813 1245 947 1311 docere.
980 1245 1141 1312 ⁰Doctor
1156 1254 1273 1313 antem
1289 1247 1349 1312 ille

172 1349 323 1443 percussit
337 1347 509 1413 infantem
526 1348 563 1411 in
580 1348 712 1430 capite;
733 1369 822 1432 puer
836 1369 915 1414 vero
934 1369 1011 1414 cum
1028 1351 1238 1433 accepisset,
1264 1350 1352 1415 dixit

172 1459 205 1527 ad
224 1472 309 1520 eum:
345 1450 405 1516 Me
428 1456 544 1514 autem
568 1457 706 1533 oportet
726 1457 760 1517 te
784 1451 909 1518 docere
936 1457 971 1516 et
993 1459 1026 1517 te
1051 1469 1120 1517 non
1141 1454 1264 1519 docere
1288 1474 1352 1518 me.

170 1564 231 1644 Ego
247 1554 314 1619 scio
331 1552 469 1618 litteras
480 1572 567 1636 quas
584 1559 621 1616 tu
633 1554 683 1617 vis
695 1552 818 1618 docere
837 1552 932 1635 mihi,
951 1560 986 1619 et
1002 1554 1073 1619 scio
1091 1555 1174 1637 quia
1189 1577 1247 1621 ros
1265 1557 1350 1620 estis

171 1661 240 1729 nihi
256 1663 420 1738 tanquam
439 1676 522 1720 vasa
544 1655 586 1720 de
609 1655 737 1739 quibus
763 1678 831 1722 non
859 1662 987 1723 exeunt
1008 1658 1077 1722 nisi
1098 1679 1198 1724 croces
1224 1665 1259 1724 et
1282 1680 1350 1724 non

171 1758 323 1847 sapientia
333 1779 448 1841 neque
459 1759 595 1823 animae
607 1758 763 1824 salvatio.
793 1760 842 1824 Et
857 1760 1031 1844 incipiens
1042 1761 1252 1826 versiculum
1263 1760 1351 1825 dixit

171 1887 221 1952 per
232 1863 361 1928 litteras
385 1861 428 1926 ab
452 1883 473 1926 a
490 1882 600 1945 usque
621 1862 666 1926 ad
687 1868 702 1927 t
721 1862 875 1945 pleniter
891 1882 969 1927 cum
985 1862 1095 1928 multa
1111 1863 1349 1929 festinatione.

171 1971 208 2036 lit
220 1964 366 2048 respexit
381 1962 426 2029 ad
442 1965 646 2048 magistrum
663 1971 698 2030 et
714 1964 803 2029 dixit
820 1965 867 2029 ei:
900 1964 952 2030 Tu
974 1973 1090 2031 autem
1110 1968 1225 2032 nescis
1244 1968 1351 2031 inter·

172 2076 291 2157 pretare
307 2067 402 2151 quod
424 2073 478 2132 est
497 2087 518 2131 a
539 2074 573 2131 et
589 2067 626 2147 b;
650 2068 887 2151 quomodovis
905 2066 1029 2134 docere
1053 2068 1165 2135 alios?
1197 2068 1226 2135 Ο
1245 2071 1351 2153 pigri-

170 2181 222 2255 tas,
236 2172 263 2236 si
278 2171 346 2235 scis
364 2175 400 2234 et
410 2169 541 2234 dixeris
558 2169 643 2234 mihi
654 2169 696 2234 de
714 2192 744 2252 a,
761 2176 835 2235 tum
846 2170 960 2235 dicam
976 2171 1042 2236 tibi
1053 2172 1095 2236 de
1112 2172 1144 2237 b.
1169 2172 1219 2237 Ut
1233 2180 1350 2237 autem

168 2276 265 2358 coepit
279 2293 442 2339 enarrare
460 2273 581 2337 doctor
596 2272 657 2337 ille
676 2273 718 2338 de
734 2275 847 2356 prima
863 2274 999 2357 littera,
1023 2297 1092 2340 non
1107 2276 1224 2358 potuit
1239 2275 1350 2341 ullum

167 2379 234 2443 dare
249 2396 464 2459 responsum.
500 2375 511 2409 ²
528 2372 630 2439 Iesus
647 2381 764 2440 antem
781 2375 869 2440 dixit
884 2375 928 2440 ad
945 2375 1138 2442 Zacheum:
1170 2375 1267 2443 Audi
1284 2400 1348 2461 me,

165 2481 283 2562 doctor,
315 2478 476 2562 intellige
500 2477 648 2561 primam
672 2479 836 2544 litteram.
882 2476 1040 2545 Attende
1067 2480 1151 2544 mihi
1177 2481 1348 2565 quomodo

161 2582 255 2647 habet
269 2581 356 2648 duos
373 2580 578 2664 versiculos,
603 2583 639 2647 in
657 2582 770 2648 medio
787 2582 993 2666 grassando,
1015 2584 1267 2667 permanendo,
1291 2585 1348 2649 do-

157 2808 231 2841 nnus
242 2809 301 2857 quoa
314 2817 322 2827 -
335 2792 401 2839 irati
413 2795 471 2840 runt
482 2793 543 2856 quia
555 2808 604 2841 non
614 2797 754 2855 potuerunt
770 2794 794 2840 ei
807 2809 873 2856 resp.
893 2819 902 2829 ·
920 2793 952 2842 ln
961 2793 1124 2856 proverbium
1136 2795 1191 2842 diri
1204 2795 1272 2844 cobis
1285 2821 1294 2831 ·
1306 2813 1348 2844 ne·

157 2878 261 2927 seientes.
287 2876 327 2926 Cf.
342 2878 393 2925 hnc
405 2891 500 2940 evang.
513 2877 605 2926 Thom.
620 2876 713 2927 Graec.
727 2879 748 2924 Β
762 2878 807 2934 VI,
821 2881 846 2928 3.

214 2964 241 3012 5.
257 2975 291 3012 D:
309 2963 388 3012 Dicit
406 2987 414 2997 ·
433 2964 508 3029 Affer
520 2978 627 3025 puerum
646 2967 714 3012 tuum
731 2964 807 3020 mibi,
826 2980 871 3027 epo
889 2969 972 3012 autem
990 2963 1082 3012 docebo
1101 2979 1155 3013 eum
1173 2966 1198 3012 in
1212 2966 1284 3014 dorna
1296 2983 1348 3014 rna·

149 3047 222 3106 obiri
240 3049 280 3098 ubi
297 3053 323 3098 et
341 3048 409 3097 alios
416 3063 512 3110 pueros
523 3049 599 3098 doceo
612 3047 662 3110 (sic
676 3047 803 3113 singula).
833 3049 962 3113 Magister
973 3054 1056 3098 autem
1069 3049 1185 3098 dulcibus
1196 3053 1350 3101 ternionibus

148 3144 191 3178 essu
208 3136 279 3197 cepit
289 3134 375 3183 dicere
388 3132 450 3197 (sic)
464 3138 489 3181 et
502 3159 510 3168 -
523 3138 561 3182 est
577 3135 609 3182 ab
622 3151 638 3182 a
650 3150 727 3198 usque
739 3139 750 3183 t
764 3135 813 3197 (sic
828 3141 856 3185 et
866 3151 882 3184 x
894 3142 922 3185 et
932 3133 960 3198 n)
973 3140 998 3184 et
1010 3137 1077 3198 cepit
1089 3152 1142 3184 eum
1154 3137 1244 3186 docere
1258 3137 1347 3198 (omis-

145 3214 171 3263 n'r
180 3221 307 3284 palpare
319 3219 365 3280 et).
391 3219 484 3286 Infans
496 3223 579 3267 autem
591 3220 700 3269 tacebat.

211 3307 241 3356 6.
257 3306 318 3354 niti
329 3306 361 3354 rie
373 3321 399 3362 a,
416 3308 467 3353 turn
479 3305 563 3353 dicant
576 3305 623 3354 tibi
634 3306 665 3354 de
678 3305 705 3353 b:
723 3306 762 3354 ita
776 3305 809 3354 de
822 3305 978 3356 coniectura
991 3307 1161 3370 scripsimus;
1181 3308 1263 3356 simili
1277 3309 1348 3357 enim

138 3387 227 3440 nodo
239 3391 380 3456 legendum
394 3396 444 3440 est.
470 3389 501 3439 ln
520 3389 612 3440 codice
625 3406 686 3440 vero
706 3406 760 3441 non
780 3397 822 3441 est
841 3392 971 3455 scriptum
986 3392 1039 3441 nisi
1051 3393 1112 3440 inibi
1123 3393 1154 3440 de
1167 3393 1188 3440 b.
1214 3392 1254 3442 Cf.
1270 3392 1327 3443 Par.
1342 3393 1346 3459 Ι

134 3471 270 3535 nonno:
288 3478 327 3527 sic
341 3476 402 3526 Vat.
428 3475 467 3526 Cf.
482 3476 540 3525 Par.
554 3478 599 3540 qni
611 3479 724 3541 pipricia
736 3478 856 3541 praebet.
881 3477 919 3526 Ex
932 3492 971 3527 ev.
985 3477 1077 3525 Thom.
1092 3477 1136 3526 Gr.
1148 3479 1171 3526 A
1184 3478 1229 3536 VI,
1243 3482 1266 3528 3.
1280 3482 1347 3529 veri·

137 3557 236 3612 similo
247 3563 277 3612 fit
289 3564 423 3627 hypocrita
436 3563 654 3612 substituendum
668 3577 734 3612 esee.

218 3661 250 3697 nt
266 3649 404 3714 Iratusque
416 3650 483 3698 doct.
500 3649 545 3697 itte
554 3650 683 3712 percussit
695 3651 778 3712 capud
792 3648 921 3712 (⁰caprt)
934 3651 995 3698 eius.
1020 3650 1089 3698 Puer
1102 3675 1110 3684 -
1123 3649 1168 3698 Me
1180 3654 1281 3713 oportet
1292 3650 1347 3698 doc.

137 3731 158 3778 tc
171 3756 186 3768 ·
204 3751 256 3792 sore,
273 3736 334 3798 quia
350 3751 396 3797 epa
409 3760 418 3770 ·
431 3740 458 3783 tu
471 3736 546 3784 doces
556 3751 602 3792 me,
621 3739 646 3784 et
663 3735 738 3784 valde
750 3736 802 3784 ecio
815 3736 875 3799 quia
887 3736 962 3784 eritis
972 3735 1033 3783 mibi
1049 3739 1119 3799 tauq.
1134 3761 1143 3771 ·
1156 3752 1205 3784 non
1218 3737 1348 3797 sapiencia

139 3820 450 3880 nqmautmsatoaeio.
475 3821 647 3884 Et·usquet
655 3820 769 3884 pleniter
781 3837 835 3869 cum
847 3821 919 3870 nott.
925 3822 992 3886 fest.
1016 3822 1134 3885 etresp-
1148 3821 1183 3869 ad
1195 3820 1348 3884 inspitiens

142 3900 237 3954 dicens
248 3931 255 3941 ·
267 3907 347 3954 nescis
357 3905 418 3968 quid
430 3909 468 3954 est
479 3921 505 3962 a,
518 3909 543 3954 et
555 3909 582 3953 tu
594 3906 675 3954 neema
687 3907 857 3970 interpretari
869 3905 900 3954 ab
913 3922 926 3953 e
939 3904 1001 3967 (sic)
1014 3922 1091 3970 usque
1103 3922 1126 3956 o.
1148 3905 1275 3967 Quomodo
1288 3923 1348 3969 erpo

145 3989 254 4039 Moero
271 3991 400 4041 litteram?
426 3992 447 4040 0
455 3993 571 4056 pipricia
584 3990 662 4054 (sic),
679 3993 703 4041 si
718 4009 755 4040 me
772 3993 810 4041 ris
823 3993 914 4041 docere
929 3996 955 4041 et
971 3993 1022 4041 scis
1033 3992 1094 4056 quid
1106 3995 1145 4041 est
1156 4007 1186 4049 a,
1205 3993 1348 4041 moderere

151 4077 229 4126 “edo
239 4078 295 4141 quio
304 4079 403 4141 pateris
414 4093 540 4127 enarrare
550 4078 611 4126 mibi
622 4079 654 4126 de
666 4079 688 4128 b.
715 4078 750 4127 Ut
761 4083 845 4127 auum
857 4079 925 4142 cepit
936 4094 1061 4128 enarrare
1073 4079 1173 4128 doctori
1185 4078 1228 4127 illi
1239 4078 1303 4141 (sic)
1317 4079 1348 4128 de

154 4164 235 4223 prima
246 4162 340 4223 littera,
351 4181 402 4215 non
410 4165 498 4228 patuit
509 4164 556 4213 itte
569 4163 634 4227 (nisi
648 4166 719 4214 forte
732 4163 775 4213 illi
787 4165 918 4228 scriptum
932 4163 985 4224 est)
997 4163 1078 4212 ultum
1089 4165 1154 4213 dare
1165 4180 1318 4228 responsum.

221 4250 244 4300 7.
262 4265 291 4299 n:
310 4251 383 4300 Iesus
393 4256 477 4300 mutem
489 4252 542 4299 dia.
561 4251 596 4298 ad
608 4249 670 4298 Za„-
694 4251 814 4299 Audisse
826 4251 916 4300 doctor
932 4255 957 4299 et
969 4249 1084 4315 intellige
1096 4251 1127 4300 de
1135 4251 1224 4314 prima
1236 4250 1326 4299 littera
1339 4277 1347 4287 ·

162 4335 271 4396 praedo
281 4336 373 4386 babens
383 4337 447 4386 duos
458 4337 597 4387 berneulas
609 4338 635 4385 in
648 4352 692 4385 ore
703 4336 882 4400 diprapbando
892 4337 1063 4400 permanendo
1074 4336 1121 4385 dea
1133 4336 1251 4385 donando
1264 4337 1347 4399 dispo·

162 4422 231 4471 flendo
251 4422 354 4471 iurando
372 4422 544 4472 comminando
562 4421 659 4484 triplex
675 4419 804 4484 disploide
821 4422 998 4471 carnmiscendo
1016 4420 1112 4470 similia
1122 4422 1273 4484 geminanda
1287 4438 1347 4486 per·
