<?xml version="1.0" encoding="UTF-8"?>
<!DOCTYPE html PUBLIC "-//W3C//DTD XHTML 1.0 Transitional//EN"
    "http://www.w3.org/TR/xhtml1/DTD/xhtml1-transitional.dtd">
<html xmlns="http://www.w3.org/1999/xhtml" xml:lang="en" lang="en">
 <head>
  <title>
</title>
<meta http-equiv="Content-Type" content="text/html;charset=utf-8" />
  <meta name='ocr-system' content='tesseract 3.04.00' />
  <meta name='ocr-capabilities' content='ocr_page ocr_carea ocr_par ocr_line ocrx_word'/>
</head>
<body>
  <div class='ocr_page' id='page_1' title='image "./evangeliaapocry00tiscgoog_0286.png"; bbox 0 0 2962 4912; ppageno 0'>
   <div class='ocr_carea' id='block_1_1' title="bbox 319 295 1335 380">
    <p class='ocr_par' dir='ltr' id='par_1_1' title="bbox 319 295 1335 380">
     <span class='ocr_line' id='line_1_1' title="bbox 319 295 1335 380; baseline 0.006 -19"><span class='ocrx_word' id='word_1_1' title='bbox 319 295 765 368; x_wconf 78' lang='grc'><strong>111100010011111101</strong></span> <span class='ocrx_word' id='word_1_2' title='bbox 784 316 976 367; x_wconf 73' lang='lat' dir='ltr'>seleucum.</span> <span class='ocrx_word' id='word_1_3' title='bbox 1004 317 1074 369; x_wconf 81' lang='grc'><strong>111.</strong></span> <span class='ocrx_word' id='word_1_4' title='bbox 1093 317 1149 367; x_wconf 84' lang='lat' dir='ltr'>xv.</span> <span class='ocrx_word' id='word_1_5' title='bbox 1275 317 1335 380; x_wconf 74' lang='lat'>187</span> 
     </span>
    </p>
   </div>
   <div class='ocr_carea' id='block_1_2' title="bbox 160 464 1337 1166">
    <p class='ocr_par' dir='ltr' id='par_1_2' title="bbox 160 464 1337 1166">
     <span class='ocr_line' id='line_1_2' title="bbox 165 464 1337 551; baseline 0 -19"><span class='ocrx_word' id='word_1_6' title='bbox 165 477 192 536; x_wconf 86' lang='grc'>01</span> <span class='ocrx_word' id='word_1_7' title='bbox 208 464 350 548; x_wconf 89' lang='lat' dir='ltr'>equitatu</span> <span class='ocrx_word' id='word_1_8' title='bbox 372 471 409 530; x_wconf 91' lang='lat' dir='ltr'>et</span> <span class='ocrx_word' id='word_1_9' title='bbox 423 468 597 548; x_wconf 89' lang='lat' dir='ltr'>tympanis</span> <span class='ocrx_word' id='word_1_10' title='bbox 620 488 661 531; x_wconf 87' lang='lat' dir='ltr'>ex</span> <span class='ocrx_word' id='word_1_11' title='bbox 683 466 769 532; x_wconf 91' lang='lat' dir='ltr'>urbe</span> <span class='ocrx_word' id='word_1_12' title='bbox 787 487 851 532; x_wconf 89' lang='lat' dir='ltr'>sua</span> <span class='ocrx_word' id='word_1_13' title='bbox 871 468 1018 550; x_wconf 84' lang='lat' dir='ltr'>egressi:</span> <span class='ocrx_word' id='word_1_14' title='bbox 1043 488 1113 551; x_wconf 88' lang='lat' dir='ltr'>qua</span> <span class='ocrx_word' id='word_1_15' title='bbox 1128 488 1164 532; x_wconf 90' lang='lat' dir='ltr'>re</span> <span class='ocrx_word' id='word_1_16' title='bbox 1182 475 1337 533; x_wconf 89' lang='lat' dir='ltr'>conster-</span> 
     </span>
     <span class='ocr_line' id='line_1_3' title="bbox 166 569 1336 655; baseline -0.005 -14"><span class='ocrx_word' id='word_1_17' title='bbox 166 571 373 641; x_wconf 85' lang='lat' dir='ltr'>ustilatrones</span> <span class='ocrx_word' id='word_1_18' title='bbox 385 571 503 634; x_wconf 91' lang='lat' dir='ltr'>omnia</span> <span class='ocrx_word' id='word_1_19' title='bbox 513 590 602 653; x_wconf 86' lang='lat' dir='ltr'>quae</span> <span class='ocrx_word' id='word_1_20' title='bbox 613 577 805 653; x_wconf 90' lang='lat' dir='ltr'>rapuerant</span> <span class='ocrx_word' id='word_1_21' title='bbox 815 571 1045 655; x_wconf 87' lang='lat' dir='ltr'>reliquerunt.</span> <span class='ocrx_word' id='word_1_22' title='bbox 1071 569 1208 653; x_wconf 80' lang='lat' dir='ltr'>Captivi</span> <span class='ocrx_word' id='word_1_23' title='bbox 1220 578 1336 635; x_wconf 89' lang='lat' dir='ltr'>autem</span> 
     </span>
     <span class='ocr_line' id='line_1_4' title="bbox 164 671 1335 756; baseline -0.009 -8"><span class='ocrx_word' id='word_1_24' title='bbox 164 677 370 753; x_wconf 83' lang='lat' dir='ltr'>surrexerunt,</span> <span class='ocrx_word' id='word_1_25' title='bbox 388 671 449 736; x_wconf 92' lang='lat' dir='ltr'>alii</span> <span class='ocrx_word' id='word_1_26' title='bbox 464 672 612 738; x_wconf 90' lang='lat' dir='ltr'>aliorum</span> <span class='ocrx_word' id='word_1_27' title='bbox 621 673 762 738; x_wconf 85' lang='lat' dir='ltr'>vincula</span> <span class='ocrx_word' id='word_1_28' title='bbox 772 674 960 754; x_wconf 85' lang='lat' dir='ltr'>solverunt,</span> <span class='ocrx_word' id='word_1_29' title='bbox 979 675 1175 756; x_wconf 88' lang='lat' dir='ltr'>etreceptis</span> <span class='ocrx_word' id='word_1_30' title='bbox 1187 675 1335 739; x_wconf 82' lang='lat' dir='ltr'><strong>sarcinis</strong></span> 
     </span>
     <span class='ocr_line' id='line_1_5' title="bbox 164 772 1336 857; baseline -0.009 -7"><span class='ocrx_word' id='word_1_31' title='bbox 164 783 217 850; x_wconf 90' lang='lat' dir='ltr'>suis</span> <span class='ocrx_word' id='word_1_32' title='bbox 230 773 395 840; x_wconf 88' lang='lat' dir='ltr'>abierunt.</span> <span class='ocrx_word' id='word_1_33' title='bbox 420 772 477 837; x_wconf 88' lang='lat' dir='ltr'>Ibi</span> <span class='ocrx_word' id='word_1_34' title='bbox 494 795 572 838; x_wconf 93' lang='lat' dir='ltr'>cum</span> <span class='ocrx_word' id='word_1_35' title='bbox 587 774 776 857; x_wconf 86' lang='lat' dir='ltr'>Iosephum</span> <span class='ocrx_word' id='word_1_36' title='bbox 794 782 828 840; x_wconf 90' lang='lat' dir='ltr'>et</span> <span class='ocrx_word' id='word_1_37' title='bbox 844 775 992 840; x_wconf 87' lang='lat' dir='ltr'>Mariam</span> <span class='ocrx_word' id='word_1_38' title='bbox 1008 776 1217 841; x_wconf 87' lang='lat' dir='ltr'>accedentes</span> <span class='ocrx_word' id='word_1_39' title='bbox 1232 776 1336 840; x_wconf 81' lang='lat' dir='ltr'>uidis-</span> 
     </span>
     <span class='ocr_line' id='line_1_6' title="bbox 162 875 1336 962; baseline -0.009 -8"><span class='ocrx_word' id='word_1_40' title='bbox 162 887 234 959; x_wconf 86' lang='lat' dir='ltr'>sent,</span> <span class='ocrx_word' id='word_1_41' title='bbox 253 875 414 940; x_wconf 88' lang='lat' dir='ltr'>dixerunt</span> <span class='ocrx_word' id='word_1_42' title='bbox 434 876 493 940; x_wconf 89' lang='lat' dir='ltr'>iis:</span> <span class='ocrx_word' id='word_1_43' title='bbox 526 876 595 941; x_wconf 93' lang='lat' dir='ltr'>Ubi</span> <span class='ocrx_word' id='word_1_44' title='bbox 617 882 671 941; x_wconf 91' lang='lat' dir='ltr'>est</span> <span class='ocrx_word' id='word_1_45' title='bbox 689 878 749 943; x_wconf 90' lang='lat' dir='ltr'>ille</span> <span class='ocrx_word' id='word_1_46' title='bbox 768 899 828 943; x_wconf 83' lang='lat' dir='ltr'>rex</span> <span class='ocrx_word' id='word_1_47' title='bbox 845 880 944 943; x_wconf 91' lang='lat' dir='ltr'>cuius</span> <span class='ocrx_word' id='word_1_48' title='bbox 967 879 1188 944; x_wconf 83' lang='lat' dir='ltr'>adventantis</span> <span class='ocrx_word' id='word_1_49' title='bbox 1205 881 1336 962; x_wconf 85' lang='lat' dir='ltr'>magni-</span> 
     </span>
     <span class='ocr_line' id='line_1_7' title="bbox 161 978 1336 1065; baseline -0.008 -10"><span class='ocrx_word' id='word_1_50' title='bbox 161 991 209 1055; x_wconf 86' lang='lat' dir='ltr'>fico</span> <span class='ocrx_word' id='word_1_51' title='bbox 223 979 365 1061; x_wconf 88' lang='lat' dir='ltr'>strepitu</span> <span class='ocrx_word' id='word_1_52' title='bbox 381 978 503 1044; x_wconf 89' lang='lat' dir='ltr'>audito</span> <span class='ocrx_word' id='word_1_53' title='bbox 521 979 674 1045; x_wconf 88' lang='lat' dir='ltr'>latrones</span> <span class='ocrx_word' id='word_1_54' title='bbox 691 981 913 1065; x_wconf 90' lang='lat' dir='ltr'>reliquerunt</span> <span class='ocrx_word' id='word_1_55' title='bbox 930 1002 1009 1064; x_wconf 80' lang='lat' dir='ltr'>nos,</span> <span class='ocrx_word' id='word_1_56' title='bbox 1032 983 1082 1047; x_wconf 90' lang='lat' dir='ltr'>ita</span> <span class='ocrx_word' id='word_1_57' title='bbox 1101 990 1140 1048; x_wconf 93' lang='lat' dir='ltr'>ut</span> <span class='ocrx_word' id='word_1_58' title='bbox 1159 982 1244 1048; x_wconf 86' lang='lat' dir='ltr'>salvi</span> <span class='ocrx_word' id='word_1_59' title='bbox 1261 1003 1336 1047; x_wconf 90' lang='grc'><strong>010-</strong></span> 
     </span>
     <span class='ocr_line' id='line_1_8' title="bbox 160 1078 1147 1166; baseline -0.003 -14"><span class='ocrx_word' id='word_1_60' title='bbox 160 1078 302 1158; x_wconf 78' lang='lat' dir='ltr'>serimus?</span> <span class='ocrx_word' id='word_1_61' title='bbox 332 1081 530 1165; x_wconf 78' lang='lat' dir='ltr'>Respondit</span> <span class='ocrx_word' id='word_1_62' title='bbox 546 1082 590 1148; x_wconf 91' lang='lat' dir='ltr'>iis</span> <span class='ocrx_word' id='word_1_63' title='bbox 606 1082 794 1166; x_wconf 83' lang='lat' dir='ltr'>Iosephus:</span> <span class='ocrx_word' id='word_1_64' title='bbox 826 1083 924 1149; x_wconf 89' lang='lat' dir='ltr'>Pone</span> <span class='ocrx_word' id='word_1_65' title='bbox 943 1104 1005 1149; x_wconf 89' lang='lat' dir='ltr'>nos</span> <span class='ocrx_word' id='word_1_66' title='bbox 1021 1085 1147 1150; x_wconf 85' lang='lat' dir='ltr'>veniet.</span> 
     </span>
    </p>
   </div>
   <div class='ocr_carea' id='block_1_3' title="bbox 611 1319 855 1388">
    <p class='ocr_par' dir='ltr' id='par_1_3' title="bbox 611 1319 855 1388">
     <span class='ocr_line' id='line_1_9' title="bbox 611 1319 855 1388; baseline -0.008 -1"><span class='ocrx_word' id='word_1_67' title='bbox 611 1319 731 1387; x_wconf 75' lang='lat' dir='ltr'>(lanus</span> <span class='ocrx_word' id='word_1_68' title='bbox 754 1320 855 1388; x_wconf 83' lang='lat' dir='ltr'>XIV.</span> 
     </span>
    </p>
   </div>
   <div class='ocr_carea' id='block_1_4' title="bbox 158 1507 1335 1910">
    <p class='ocr_par' dir='ltr' id='par_1_4' title="bbox 158 1507 1335 1910">
     <span class='ocr_line' id='line_1_10' title="bbox 223 1507 1334 1591; baseline 0.004 -18"><span class='ocrx_word' id='word_1_69' title='bbox 223 1507 357 1574; x_wconf 84' lang='lat' dir='ltr'>Deinde</span> <span class='ocrx_word' id='word_1_70' title='bbox 374 1508 411 1573; x_wconf 93' lang='lat' dir='ltr'>in</span> <span class='ocrx_word' id='word_1_71' title='bbox 427 1508 531 1572; x_wconf 88' lang='lat' dir='ltr'>aliam</span> <span class='ocrx_word' id='word_1_72' title='bbox 547 1508 669 1572; x_wconf 91' lang='lat' dir='ltr'>urbem</span> <span class='ocrx_word' id='word_1_73' title='bbox 685 1516 865 1591; x_wconf 88' lang='lat' dir='ltr'>venerunt,</span> <span class='ocrx_word' id='word_1_74' title='bbox 886 1509 947 1574; x_wconf 92' lang='lat' dir='ltr'>ubi</span> <span class='ocrx_word' id='word_1_75' title='bbox 964 1510 1091 1575; x_wconf 92' lang='lat' dir='ltr'>mulier</span> <span class='ocrx_word' id='word_1_76' title='bbox 1106 1518 1181 1576; x_wconf 88' lang='grc'><strong>0101</strong></span> <span class='ocrx_word' id='word_1_77' title='bbox 1197 1510 1334 1577; x_wconf 88' lang='lat' dir='ltr'>daemo-</span> 
     </span>
     <span class='ocr_line' id='line_1_11' title="bbox 158 1610 1334 1696; baseline -0.006 -10"><span class='ocrx_word' id='word_1_78' title='bbox 158 1622 248 1694; x_wconf 87' lang='grc'><strong>11000,</strong></span> <span class='ocrx_word' id='word_1_79' title='bbox 272 1631 376 1694; x_wconf 89' lang='lat' dir='ltr'>quam</span> <span class='ocrx_word' id='word_1_80' title='bbox 397 1631 475 1674; x_wconf 93' lang='lat' dir='ltr'>cum</span> <span class='ocrx_word' id='word_1_81' title='bbox 496 1617 603 1675; x_wconf 91' lang='lat' dir='ltr'>noctu</span> <span class='ocrx_word' id='word_1_82' title='bbox 624 1610 814 1694; x_wconf 89' lang='lat' dir='ltr'>aliquando</span> <span class='ocrx_word' id='word_1_83' title='bbox 836 1619 1002 1696; x_wconf 88' lang='lat' dir='ltr'>aquatum</span> <span class='ocrx_word' id='word_1_84' title='bbox 1028 1613 1172 1678; x_wconf 83' lang='lat' dir='ltr'>exiisset</span> <span class='ocrx_word' id='word_1_85' title='bbox 1194 1621 1334 1679; x_wconf 88' lang='lat' dir='ltr'>satanas</span> 
     </span>
     <span class='ocr_line' id='line_1_12' title="bbox 158 1713 1335 1801; baseline -0.001 -19"><span class='ocrx_word' id='word_1_86' title='bbox 158 1716 338 1791; x_wconf 76' lang='lat' dir='ltr'>maledictus</span> <span class='ocrx_word' id='word_1_87' title='bbox 355 1720 391 1778; x_wconf 89' lang='grc'>01</span> <span class='ocrx_word' id='word_1_88' title='bbox 406 1713 550 1779; x_wconf 89' lang='grc'><strong>10101110</strong></span> <span class='ocrx_word' id='word_1_89' title='bbox 567 1713 757 1779; x_wconf 81' lang='lat' dir='ltr'>insederat.</span> <span class='ocrx_word' id='word_1_90' title='bbox 788 1715 888 1781; x_wconf 89' lang='lat' dir='ltr'>Haec</span> <span class='ocrx_word' id='word_1_91' title='bbox 905 1737 1019 1801; x_wconf 86' lang='lat' dir='ltr'>neque</span> <span class='ocrx_word' id='word_1_92' title='bbox 1036 1718 1244 1783; x_wconf 88' lang='lat' dir='ltr'>vestimenta</span> <span class='ocrx_word' id='word_1_93' title='bbox 1260 1719 1335 1801; x_wconf 91' lang='lat' dir='ltr'>pati</span> 
     </span>
     <span class='ocr_line' id='line_1_13' title="bbox 160 1816 1335 1910; baseline -0.001 -24"><span class='ocrx_word' id='word_1_94' title='bbox 160 1841 247 1907; x_wconf 78' lang='lat' dir='ltr'>nequo</span> <span class='ocrx_word' id='word_1_95' title='bbox 270 1816 474 1883; x_wconf 79' lang='lat' dir='ltr'>insedibus</span> <span class='ocrx_word' id='word_1_96' title='bbox 501 1819 626 1883; x_wconf 88' lang='lat' dir='ltr'>durare</span> <span class='ocrx_word' id='word_1_97' title='bbox 650 1824 801 1900; x_wconf 79' lang='lat' dir='ltr'>poterat3</span> <span class='ocrx_word' id='word_1_98' title='bbox 827 1820 1119 1903; x_wconf 82' lang='lat' dir='ltr'>quotiescumque</span> <span class='ocrx_word' id='word_1_99' title='bbox 1143 1822 1276 1910; x_wconf 88' lang='lat' dir='ltr'>catenis</span> <span class='ocrx_word' id='word_1_100' title='bbox 1300 1828 1335 1885; x_wconf 90' lang='lat' dir='ltr'>et</span> 
     </span>
    </p>
   </div>
   <div class='ocr_carea' id='block_1_5' title="bbox 106 1919 1336 3038">
    <p class='ocr_par' dir='ltr' id='par_1_5' title="bbox 160 1919 1334 2007">
     <span class='ocr_line' id='line_1_14' title="bbox 160 1919 1334 2007; baseline -0.005 -12"><span class='ocrx_word' id='word_1_101' title='bbox 160 1926 224 1994; x_wconf 89' lang='lat' dir='ltr'>loris</span> <span class='ocrx_word' id='word_1_102' title='bbox 233 1919 544 2003; x_wconf 86' lang='lat' dir='ltr'>constringebatur,</span> <span class='ocrx_word' id='word_1_103' title='bbox 563 1919 732 2003; x_wconf 85' lang='lat' dir='ltr'>disruptis</span> <span class='ocrx_word' id='word_1_104' title='bbox 743 1920 816 1986; x_wconf 86' lang='lat' dir='ltr'>illie</span> <span class='ocrx_word' id='word_1_105' title='bbox 827 1922 922 1987; x_wconf 91' lang='lat' dir='ltr'>nuda</span> <span class='ocrx_word' id='word_1_106' title='bbox 937 1924 974 1988; x_wconf 90' lang='lat' dir='ltr'>in</span> <span class='ocrx_word' id='word_1_107' title='bbox 986 1923 1064 1988; x_wconf 90' lang='lat' dir='ltr'>loca</span> <span class='ocrx_word' id='word_1_108' title='bbox 1079 1923 1214 1989; x_wconf 86' lang='lat' dir='ltr'>inculta</span> <span class='ocrx_word' id='word_1_109' title='bbox 1224 1924 1334 2007; x_wconf 87' lang='lat' dir='ltr'>fugie-</span> 
     </span>
    </p>

    <p class='ocr_par' dir='ltr' id='par_1_6' title="bbox 106 2008 1336 3038">
     <span class='ocr_line' id='line_1_15' title="bbox 106 2008 1333 2110; baseline 0 -18"><span class='ocrx_word' id='word_1_110' title='bbox 106 2008 108 2051; x_wconf 34' lang='grc' dir='ltr'>ἶ</span> <span class='ocrx_word' id='word_1_111' title='bbox 161 2033 216 2110; x_wconf 81' lang='lat' dir='ltr'>bet,</span> <span class='ocrx_word' id='word_1_112' title='bbox 237 2031 270 2090; x_wconf 89' lang='grc'>01</span> <span class='ocrx_word' id='word_1_113' title='bbox 291 2025 328 2088; x_wconf 94' lang='lat' dir='ltr'>in</span> <span class='ocrx_word' id='word_1_114' title='bbox 355 2023 518 2107; x_wconf 90' lang='lat' dir='ltr'>compitis</span> <span class='ocrx_word' id='word_1_115' title='bbox 544 2022 823 2107; x_wconf 86' lang='lat' dir='ltr'>sepulcretisque</span> <span class='ocrx_word' id='word_1_116' title='bbox 850 2032 946 2091; x_wconf 84' lang='lat' dir='ltr'>stans</span> <span class='ocrx_word' id='word_1_117' title='bbox 972 2026 1131 2092; x_wconf 90' lang='lat' dir='ltr'>homines</span> <span class='ocrx_word' id='word_1_118' title='bbox 1155 2027 1333 2110; x_wconf 86' lang='lat' dir='ltr'>lapidibus</span> 
     </span>
     <span class='ocr_line' id='line_1_16' title="bbox 159 2126 1336 2214; baseline -0.001 -18"><span class='ocrx_word' id='word_1_119' title='bbox 159 2126 335 2214; x_wconf 88' lang='lat' dir='ltr'>impetebat,</span> <span class='ocrx_word' id='word_1_120' title='bbox 363 2126 435 2191; x_wconf 89' lang='lat' dir='ltr'>suis</span> <span class='ocrx_word' id='word_1_121' title='bbox 457 2146 536 2191; x_wconf 89' lang='grc'><strong>1010</strong></span> <span class='ocrx_word' id='word_1_122' title='bbox 564 2127 766 2208; x_wconf 84' lang='lat' dir='ltr'>gravissima</span> <span class='ocrx_word' id='word_1_123' title='bbox 790 2128 881 2193; x_wconf 90' lang='lat' dir='ltr'>mala</span> <span class='ocrx_word' id='word_1_124' title='bbox 902 2129 1059 2211; x_wconf 90' lang='lat' dir='ltr'>parabat.</span> <span class='ocrx_word' id='word_1_125' title='bbox 1098 2130 1201 2195; x_wconf 89' lang='lat' dir='ltr'>Hanc</span> <span class='ocrx_word' id='word_1_126' title='bbox 1227 2131 1336 2213; x_wconf 84' lang='lat' dir='ltr'>igitur</span> 
     </span>
     <span class='ocr_line' id='line_1_17' title="bbox 160 2228 1334 2315; baseline -0.002 -14"><span class='ocrx_word' id='word_1_127' title='bbox 160 2231 333 2314; x_wconf 89' lang='lat' dir='ltr'>conspicata</span> <span class='ocrx_word' id='word_1_128' title='bbox 355 2228 496 2295; x_wconf 89' lang='lat' dir='ltr'>domina</span> <span class='ocrx_word' id='word_1_129' title='bbox 515 2228 630 2293; x_wconf 87' lang='lat' dir='ltr'>Maria</span> <span class='ocrx_word' id='word_1_130' title='bbox 651 2229 795 2295; x_wconf 88' lang='lat' dir='ltr'>miserta</span> <span class='ocrx_word' id='word_1_131' title='bbox 816 2237 884 2311; x_wconf 87' lang='grc'><strong>001;</strong></span> <span class='ocrx_word' id='word_1_132' title='bbox 909 2253 977 2315; x_wconf 92' lang='lat' dir='ltr'>quo</span> <span class='ocrx_word' id='word_1_133' title='bbox 999 2233 1092 2298; x_wconf 85' lang='lat' dir='ltr'>lacto</span> <span class='ocrx_word' id='word_1_134' title='bbox 1115 2235 1233 2299; x_wconf 89' lang='lat' dir='ltr'>statim</span> <span class='ocrx_word' id='word_1_135' title='bbox 1255 2234 1334 2299; x_wconf 89' lang='lat' dir='ltr'>reli·</span> 
     </span>
     <span class='ocr_line' id='line_1_18' title="bbox 158 2332 1331 2421; baseline -0.002 -19"><span class='ocrx_word' id='word_1_136' title='bbox 158 2338 292 2421; x_wconf 83' lang='lat' dir='ltr'>quiteam</span> <span class='ocrx_word' id='word_1_137' title='bbox 303 2339 455 2414; x_wconf 80' lang='lat' dir='ltr'>satanae,</span> <span class='ocrx_word' id='word_1_138' title='bbox 473 2337 509 2397; x_wconf 92' lang='grc'>01</span> <span class='ocrx_word' id='word_1_139' title='bbox 523 2333 560 2396; x_wconf 92' lang='lat' dir='ltr'>in</span> <span class='ocrx_word' id='word_1_140' title='bbox 571 2332 929 2401; x_wconf 84' lang='lat' dir='ltr'>lormaadolescentis</span> <span class='ocrx_word' id='word_1_141' title='bbox 941 2336 1080 2421; x_wconf 82' lang='lat' dir='ltr'>fugiens</span> <span class='ocrx_word' id='word_1_142' title='bbox 1094 2337 1183 2402; x_wconf 88' lang='lat' dir='ltr'>abiit</span> <span class='ocrx_word' id='word_1_143' title='bbox 1193 2337 1331 2402; x_wconf 85' lang='lat' dir='ltr'>dicens:</span> 
     </span>
     <span class='ocr_line' id='line_1_19' title="bbox 158 2436 1332 2519; baseline 0.001 -14"><span class='ocrx_word' id='word_1_144' title='bbox 158 2436 305 2505; x_wconf 84' lang='grc'><strong>1100111111</strong></span> <span class='ocrx_word' id='word_1_145' title='bbox 321 2459 342 2501; x_wconf 92' lang='grc'>0</span> <span class='ocrx_word' id='word_1_146' title='bbox 358 2442 403 2518; x_wconf 85' lang='grc'>10,</span> <span class='ocrx_word' id='word_1_147' title='bbox 420 2437 545 2519; x_wconf 89' lang='grc' dir='ltr'><strong>Μο110,</strong></span> <span class='ocrx_word' id='word_1_148' title='bbox 563 2443 599 2502; x_wconf 93' lang='grc'>01</span> <span class='ocrx_word' id='word_1_149' title='bbox 618 2458 639 2501; x_wconf 88' lang='grc'>0</span> <span class='ocrx_word' id='word_1_150' title='bbox 655 2436 727 2504; x_wconf 90' lang='lat' dir='ltr'>filio</span> <span class='ocrx_word' id='word_1_151' title='bbox 745 2446 816 2505; x_wconf 91' lang='lat' dir='ltr'>tuo.</span> <span class='ocrx_word' id='word_1_152' title='bbox 841 2438 901 2505; x_wconf 84' lang='lat' dir='ltr'>Sic</span> <span class='ocrx_word' id='word_1_153' title='bbox 917 2441 986 2505; x_wconf 91' lang='lat' dir='ltr'>ista</span> <span class='ocrx_word' id='word_1_154' title='bbox 1001 2441 1128 2506; x_wconf 89' lang='lat' dir='ltr'>mulier</span> <span class='ocrx_word' id='word_1_155' title='bbox 1144 2443 1332 2506; x_wconf 91' lang='lat' dir='ltr'>acruciatu</span> 
     </span>
     <span class='ocr_line' id='line_1_20' title="bbox 159 2539 1333 2626; baseline 0.002 -20"><span class='ocrx_word' id='word_1_156' title='bbox 159 2562 206 2608; x_wconf 90' lang='lat' dir='ltr'>suo</span> <span class='ocrx_word' id='word_1_157' title='bbox 220 2545 333 2606; x_wconf 87' lang='lat' dir='ltr'>sanata</span> <span class='ocrx_word' id='word_1_158' title='bbox 349 2546 412 2622; x_wconf 92' lang='grc'><strong>001,</strong></span> <span class='ocrx_word' id='word_1_159' title='bbox 430 2541 554 2623; x_wconf 90' lang='lat' dir='ltr'>suique</span> <span class='ocrx_word' id='word_1_160' title='bbox 573 2539 641 2604; x_wconf 90' lang='lat' dir='ltr'>sibi</span> <span class='ocrx_word' id='word_1_161' title='bbox 658 2543 800 2607; x_wconf 90' lang='lat' dir='ltr'>conscia</span> <span class='ocrx_word' id='word_1_162' title='bbox 817 2548 962 2626; x_wconf 90' lang='lat' dir='ltr'>propter</span> <span class='ocrx_word' id='word_1_163' title='bbox 978 2543 1174 2608; x_wconf 87' lang='lat' dir='ltr'>nuditatem</span> <span class='ocrx_word' id='word_1_164' title='bbox 1191 2544 1333 2609; x_wconf 92' lang='lat' dir='ltr'>erubuit</span> 
     </span>
     <span class='ocr_line' id='line_1_21' title="bbox 158 2642 1333 2729; baseline 0.001 -20"><span class='ocrx_word' id='word_1_165' title='bbox 158 2651 184 2709; x_wconf 89' lang='grc'>01</span> <span class='ocrx_word' id='word_1_166' title='bbox 201 2645 367 2709; x_wconf 90' lang='lat' dir='ltr'>homiuum</span> <span class='ocrx_word' id='word_1_167' title='bbox 398 2642 603 2726; x_wconf 84' lang='lat' dir='ltr'>adspectum</span> <span class='ocrx_word' id='word_1_168' title='bbox 629 2644 786 2711; x_wconf 78' lang='lat' dir='ltr'>devitans</span> <span class='ocrx_word' id='word_1_169' title='bbox 818 2645 862 2711; x_wconf 92' lang='lat' dir='ltr'>ad</span> <span class='ocrx_word' id='word_1_170' title='bbox 888 2667 970 2711; x_wconf 90' lang='lat' dir='ltr'>suos</span> <span class='ocrx_word' id='word_1_171' title='bbox 996 2646 1094 2712; x_wconf 90' lang='lat' dir='ltr'>abiit.</span> <span class='ocrx_word' id='word_1_172' title='bbox 1140 2647 1333 2729; x_wconf 89' lang='lat' dir='ltr'>Postquam</span> 
     </span>
     <span class='ocr_line' id='line_1_22' title="bbox 155 2747 1332 2833; baseline 0.002 -23"><span class='ocrx_word' id='word_1_173' title='bbox 155 2754 251 2812; x_wconf 87' lang='lat' dir='ltr'>autem</span> <span class='ocrx_word' id='word_1_174' title='bbox 270 2754 384 2811; x_wconf 88' lang='grc'><strong>100100</strong></span> <span class='ocrx_word' id='word_1_175' title='bbox 406 2747 536 2828; x_wconf 87' lang='lat' dir='ltr'>induit,</span> <span class='ocrx_word' id='word_1_176' title='bbox 558 2748 650 2830; x_wconf 89' lang='lat' dir='ltr'>patri</span> <span class='ocrx_word' id='word_1_177' title='bbox 671 2748 815 2831; x_wconf 89' lang='lat' dir='ltr'>suisque</span> <span class='ocrx_word' id='word_1_178' title='bbox 836 2770 908 2815; x_wconf 84' lang='lat' dir='ltr'>rem</span> <span class='ocrx_word' id='word_1_179' title='bbox 931 2750 1044 2833; x_wconf 89' lang='lat' dir='ltr'>qualis</span> <span class='ocrx_word' id='word_1_180' title='bbox 1068 2757 1143 2816; x_wconf 89' lang='lat' dir='ltr'>erat</span> <span class='ocrx_word' id='word_1_181' title='bbox 1165 2750 1332 2815; x_wconf 89' lang='lat' dir='ltr'>narravit:</span> 
     </span>
     <span class='ocr_line' id='line_1_23' title="bbox 152 2851 1334 2933; baseline 0.002 -19"><span class='ocrx_word' id='word_1_182' title='bbox 152 2851 289 2930; x_wconf 83' lang='lat' dir='ltr'>quicum</span> <span class='ocrx_word' id='word_1_183' title='bbox 311 2851 437 2915; x_wconf 92' lang='lat' dir='ltr'>summi</span> <span class='ocrx_word' id='word_1_184' title='bbox 459 2851 644 2932; x_wconf 89' lang='lat' dir='ltr'>optimates</span> <span class='ocrx_word' id='word_1_185' title='bbox 667 2852 817 2917; x_wconf 87' lang='lat' dir='ltr'>civitatis</span> <span class='ocrx_word' id='word_1_186' title='bbox 840 2858 973 2933; x_wconf 83' lang='lat' dir='ltr'>essent,</span> <span class='ocrx_word' id='word_1_187' title='bbox 996 2852 1169 2917; x_wconf 88' lang='lat' dir='ltr'>dominam</span> <span class='ocrx_word' id='word_1_188' title='bbox 1185 2852 1334 2918; x_wconf 89' lang='lat' dir='ltr'>Mariam</span> 
     </span>
     <span class='ocr_line' id='line_1_24' title="bbox 147 2952 1153 3038; baseline 0.005 -25"><span class='ocrx_word' id='word_1_189' title='bbox 147 2956 176 3014; x_wconf 88' lang='grc'>01</span> <span class='ocrx_word' id='word_1_190' title='bbox 188 2952 372 3036; x_wconf 90' lang='lat' dir='ltr'>Iosephum</span> <span class='ocrx_word' id='word_1_191' title='bbox 388 2952 741 3018; x_wconf 89' lang='lat' dir='ltr'>honorificentissime</span> <span class='ocrx_word' id='word_1_192' title='bbox 758 2954 912 3037; x_wconf 89' lang='lat' dir='ltr'>hospitio</span> <span class='ocrx_word' id='word_1_193' title='bbox 930 2960 1153 3038; x_wconf 88' lang='lat' dir='ltr'>exceperunt.</span> 
     </span>
    </p>
   </div>
   <div class='ocr_carea' id='block_1_6' title="bbox 620 3208 844 3277">
    <p class='ocr_par' dir='ltr' id='par_1_7' title="bbox 620 3208 844 3277">
     <span class='ocr_line' id='line_1_25' title="bbox 620 3208 844 3277; baseline -0.013 0"><span class='ocrx_word' id='word_1_194' title='bbox 620 3208 740 3277; x_wconf 77' lang='grc'><strong>01101</strong></span> <span class='ocrx_word' id='word_1_195' title='bbox 763 3209 844 3276; x_wconf 87' lang='lat' dir='ltr'>XV.</span> 
     </span>
    </p>
   </div>
   <div class='ocr_carea' id='block_1_7' title="bbox 136 3397 1337 4514">
    <p class='ocr_par' dir='ltr' id='par_1_8' title="bbox 136 3397 1337 4514">
     <span class='ocr_line' id='line_1_26' title="bbox 221 3397 1334 3483; baseline 0.002 -20"><span class='ocrx_word' id='word_1_196' title='bbox 221 3397 396 3465; x_wconf 86' lang='lat' dir='ltr'>Postridie</span> <span class='ocrx_word' id='word_1_197' title='bbox 413 3398 539 3463; x_wconf 91' lang='lat' dir='ltr'>viatico</span> <span class='ocrx_word' id='word_1_198' title='bbox 557 3399 722 3465; x_wconf 84' lang='lat' dir='ltr'>instructi</span> <span class='ocrx_word' id='word_1_199' title='bbox 738 3399 780 3464; x_wconf 91' lang='lat' dir='ltr'>ab</span> <span class='ocrx_word' id='word_1_200' title='bbox 798 3398 870 3465; x_wconf 91' lang='lat' dir='ltr'>illis</span> <span class='ocrx_word' id='word_1_201' title='bbox 882 3398 1032 3482; x_wconf 81' lang='lat' dir='ltr'>digressi</span> <span class='ocrx_word' id='word_1_202' title='bbox 1049 3405 1132 3463; x_wconf 89' lang='lat' dir='ltr'>sunt</span> <span class='ocrx_word' id='word_1_203' title='bbox 1148 3404 1184 3465; x_wconf 93' lang='grc'>01</span> <span class='ocrx_word' id='word_1_204' title='bbox 1198 3402 1334 3483; x_wconf 85' lang='lat' dir='ltr'>vesperi</span> 
     </span>
     <span class='ocr_line' id='line_1_27' title="bbox 136 3497 1334 3586; baseline 0.005 -24"><span class='ocrx_word' id='word_1_205' title='bbox 136 3497 215 3566; x_wconf 93' lang='grc'><strong>0100</strong></span> <span class='ocrx_word' id='word_1_206' title='bbox 238 3503 306 3567; x_wconf 90' lang='lat' dir='ltr'>diei</span> <span class='ocrx_word' id='word_1_207' title='bbox 331 3503 367 3567; x_wconf 91' lang='lat' dir='ltr'>in</span> <span class='ocrx_word' id='word_1_208' title='bbox 393 3501 489 3566; x_wconf 87' lang='lat' dir='ltr'>aliud</span> <span class='ocrx_word' id='word_1_209' title='bbox 516 3503 697 3586; x_wconf 90' lang='lat' dir='ltr'>oppidum,</span> <span class='ocrx_word' id='word_1_210' title='bbox 725 3504 762 3567; x_wconf 91' lang='lat' dir='ltr'>in</span> <span class='ocrx_word' id='word_1_211' title='bbox 788 3525 857 3586; x_wconf 91' lang='lat' dir='ltr'>quo</span> <span class='ocrx_word' id='word_1_212' title='bbox 883 3503 1028 3586; x_wconf 88' lang='lat' dir='ltr'>nuptiae</span> <span class='ocrx_word' id='word_1_213' title='bbox 1054 3502 1334 3585; x_wconf 85' lang='lat' dir='ltr'>celebrabantur,</span> 
     </span>
     <span class='ocr_line' id='line_1_28' title="bbox 137 3604 1335 3688; baseline 0.004 -22"><span class='ocrx_word' id='word_1_214' title='bbox 137 3611 383 3684; x_wconf 84' lang='lat' dir='ltr'>pervenerunt3</span> <span class='ocrx_word' id='word_1_215' title='bbox 407 3605 469 3670; x_wconf 88' lang='lat' dir='ltr'>sed</span> <span class='ocrx_word' id='word_1_216' title='bbox 486 3605 621 3670; x_wconf 91' lang='lat' dir='ltr'>artibus</span> <span class='ocrx_word' id='word_1_217' title='bbox 639 3613 782 3672; x_wconf 88' lang='lat' dir='ltr'>satanae</span> <span class='ocrx_word' id='word_1_218' title='bbox 800 3604 979 3670; x_wconf 89' lang='lat' dir='ltr'>maledicti</span> <span class='ocrx_word' id='word_1_219' title='bbox 1002 3611 1037 3670; x_wconf 90' lang='grc'>01</span> <span class='ocrx_word' id='word_1_220' title='bbox 1053 3626 1159 3688; x_wconf 88' lang='lat' dir='ltr'>opera</span> <span class='ocrx_word' id='word_1_221' title='bbox 1179 3607 1335 3672; x_wconf 88' lang='lat' dir='ltr'>incanta·</span> 
     </span>
     <span class='ocr_line' id='line_1_29' title="bbox 140 3707 1336 3793; baseline 0.006 -24"><span class='ocrx_word' id='word_1_222' title='bbox 140 3710 250 3773; x_wconf 86' lang='lat' dir='ltr'>torum</span> <span class='ocrx_word' id='word_1_223' title='bbox 273 3708 496 3773; x_wconf 86' lang='lat' dir='ltr'>obmutuerat</span> <span class='ocrx_word' id='word_1_224' title='bbox 516 3730 645 3792; x_wconf 90' lang='lat' dir='ltr'>sponsa</span> <span class='ocrx_word' id='word_1_225' title='bbox 667 3729 780 3793; x_wconf 88' lang='lat' dir='ltr'>neque</span> <span class='ocrx_word' id='word_1_226' title='bbox 806 3707 956 3792; x_wconf 88' lang='lat' dir='ltr'>amplius</span> <span class='ocrx_word' id='word_1_227' title='bbox 979 3708 1199 3792; x_wconf 89' lang='lat' dir='ltr'>loquebatur.</span> <span class='ocrx_word' id='word_1_228' title='bbox 1234 3710 1336 3776; x_wconf 88' lang='lat' dir='ltr'>Post-</span> 
     </span>
     <span class='ocr_line' id='line_1_30' title="bbox 144 3810 1335 3890; baseline 0.003 -16"><span class='ocrx_word' id='word_1_229' title='bbox 144 3827 242 3890; x_wconf 85' lang='lat' dir='ltr'>quam</span> <span class='ocrx_word' id='word_1_230' title='bbox 263 3817 377 3876; x_wconf 88' lang='lat' dir='ltr'>autem</span> <span class='ocrx_word' id='word_1_231' title='bbox 398 3810 539 3876; x_wconf 92' lang='lat' dir='ltr'>domina</span> <span class='ocrx_word' id='word_1_232' title='bbox 559 3811 675 3878; x_wconf 89' lang='lat' dir='ltr'>Maria</span> <span class='ocrx_word' id='word_1_233' title='bbox 694 3811 804 3877; x_wconf 93' lang='lat' dir='ltr'>filium</span> <span class='ocrx_word' id='word_1_234' title='bbox 830 3833 930 3876; x_wconf 92' lang='lat' dir='ltr'>suum</span> <span class='ocrx_word' id='word_1_235' title='bbox 956 3810 1133 3877; x_wconf 90' lang='lat' dir='ltr'>dominum</span> <span class='ocrx_word' id='word_1_236' title='bbox 1157 3810 1335 3878; x_wconf 81' lang='lat' dir='ltr'>Christum</span> 
     </span>
     <span class='ocr_line' id='line_1_31' title="bbox 147 3913 1336 3999; baseline 0.003 -22"><span class='ocrx_word' id='word_1_237' title='bbox 147 3921 276 3994; x_wconf 80' lang='lat' dir='ltr'>gestans</span> <span class='ocrx_word' id='word_1_238' title='bbox 301 3913 468 3996; x_wconf 87' lang='lat' dir='ltr'>oppidum</span> <span class='ocrx_word' id='word_1_239' title='bbox 493 3915 649 3995; x_wconf 87' lang='lat' dir='ltr'>intravit,</span> <span class='ocrx_word' id='word_1_240' title='bbox 676 3935 751 3979; x_wconf 89' lang='lat' dir='ltr'>eam</span> <span class='ocrx_word' id='word_1_241' title='bbox 772 3914 976 3997; x_wconf 88' lang='lat' dir='ltr'>conspicata</span> <span class='ocrx_word' id='word_1_242' title='bbox 999 3920 1096 3979; x_wconf 93' lang='lat' dir='ltr'>muta</span> <span class='ocrx_word' id='word_1_243' title='bbox 1119 3914 1182 3979; x_wconf 91' lang='lat' dir='ltr'>illa</span> <span class='ocrx_word' id='word_1_244' title='bbox 1207 3936 1336 3999; x_wconf 90' lang='lat' dir='ltr'>sponsa</span> 
     </span>
     <span class='ocr_line' id='line_1_32' title="bbox 150 4014 1336 4100; baseline 0.004 -21"><span class='ocrx_word' id='word_1_245' title='bbox 150 4034 260 4082; x_wconf 89' lang='lat' dir='ltr'>manus</span> <span class='ocrx_word' id='word_1_246' title='bbox 279 4037 358 4081; x_wconf 86' lang='lat' dir='ltr'>suns</span> <span class='ocrx_word' id='word_1_247' title='bbox 378 4037 499 4081; x_wconf 91' lang='grc'><strong>101000</strong></span> <span class='ocrx_word' id='word_1_248' title='bbox 522 4017 698 4082; x_wconf 91' lang='lat' dir='ltr'>domiuum</span> <span class='ocrx_word' id='word_1_249' title='bbox 720 4014 898 4082; x_wconf 79' lang='lat' dir='ltr'>Christum</span> <span class='ocrx_word' id='word_1_250' title='bbox 921 4016 1093 4098; x_wconf 85' lang='lat' dir='ltr'>extendit,</span> <span class='ocrx_word' id='word_1_251' title='bbox 1120 4037 1269 4100; x_wconf 89' lang='lat' dir='ltr'>eumque</span> <span class='ocrx_word' id='word_1_252' title='bbox 1292 4019 1336 4084; x_wconf 92' lang='lat' dir='ltr'>ad</span> 
     </span>
     <span class='ocr_line' id='line_1_33' title="bbox 153 4119 1335 4205; baseline 0.004 -23"><span class='ocrx_word' id='word_1_253' title='bbox 153 4139 186 4184; x_wconf 87' lang='lat' dir='ltr'>se</span> <span class='ocrx_word' id='word_1_254' title='bbox 200 4124 405 4205; x_wconf 87' lang='lat' dir='ltr'>pertractum</span> <span class='ocrx_word' id='word_1_255' title='bbox 427 4119 520 4185; x_wconf 90' lang='lat' dir='ltr'>ulnis</span> <span class='ocrx_word' id='word_1_256' title='bbox 544 4120 699 4204; x_wconf 73' lang='lat' dir='ltr'>excepit,</span> <span class='ocrx_word' id='word_1_257' title='bbox 720 4127 755 4185; x_wconf 93' lang='grc'>01</span> <span class='ocrx_word' id='word_1_258' title='bbox 776 4127 870 4184; x_wconf 89' lang='grc'><strong>01010</strong></span> <span class='ocrx_word' id='word_1_259' title='bbox 893 4119 1080 4185; x_wconf 86' lang='lat' dir='ltr'>inhaerens</span> <span class='ocrx_word' id='word_1_260' title='bbox 1097 4121 1256 4186; x_wconf 88' lang='lat' dir='ltr'>osculata</span> <span class='ocrx_word' id='word_1_261' title='bbox 1273 4129 1335 4203; x_wconf 84' lang='lat' dir='ltr'>est,</span> 
     </span>
     <span class='ocr_line' id='line_1_34' title="bbox 156 4221 1335 4307; baseline 0.005 -23"><span class='ocrx_word' id='word_1_262' title='bbox 156 4221 284 4307; x_wconf 88' lang='lat' dir='ltr'>eiusque</span> <span class='ocrx_word' id='word_1_263' title='bbox 301 4244 425 4307; x_wconf 86' lang='lat' dir='ltr'>eorpus</span> <span class='ocrx_word' id='word_1_264' title='bbox 447 4223 515 4287; x_wconf 91' lang='lat' dir='ltr'>huc</span> <span class='ocrx_word' id='word_1_265' title='bbox 535 4222 620 4288; x_wconf 93' lang='lat' dir='ltr'>illuc</span> <span class='ocrx_word' id='word_1_266' title='bbox 636 4229 768 4288; x_wconf 90' lang='lat' dir='ltr'>motum</span> <span class='ocrx_word' id='word_1_267' title='bbox 785 4223 852 4289; x_wconf 88' lang='lat' dir='ltr'>sibi</span> <span class='ocrx_word' id='word_1_268' title='bbox 873 4222 1055 4307; x_wconf 90' lang='lat' dir='ltr'>applicans</span> <span class='ocrx_word' id='word_1_269' title='bbox 1076 4244 1182 4307; x_wconf 89' lang='lat' dir='ltr'>super</span> <span class='ocrx_word' id='word_1_270' title='bbox 1203 4245 1282 4290; x_wconf 90' lang='lat' dir='ltr'>eum</span> <span class='ocrx_word' id='word_1_271' title='bbox 1299 4247 1335 4290; x_wconf 90' lang='grc'>00</span> 
     </span>
     <span class='ocr_line' id='line_1_35' title="bbox 156 4321 1337 4412; baseline 0.006 -26"><span class='ocrx_word' id='word_1_272' title='bbox 156 4321 328 4391; x_wconf 81' lang='lat' dir='ltr'>inclinavit.</span> <span class='ocrx_word' id='word_1_273' title='bbox 362 4325 549 4408; x_wconf 83' lang='lat' dir='ltr'>Extemplo</span> <span class='ocrx_word' id='word_1_274' title='bbox 567 4324 703 4391; x_wconf 89' lang='lat' dir='ltr'>solutus</span> <span class='ocrx_word' id='word_1_275' title='bbox 722 4331 776 4391; x_wconf 90' lang='grc'>001</span> <span class='ocrx_word' id='word_1_276' title='bbox 795 4325 907 4391; x_wconf 90' lang='lat' dir='ltr'>nodus</span> <span class='ocrx_word' id='word_1_277' title='bbox 925 4324 1066 4410; x_wconf 83' lang='lat' dir='ltr'>linguae</span> <span class='ocrx_word' id='word_1_278' title='bbox 1084 4326 1170 4409; x_wconf 88' lang='lat' dir='ltr'>eius,</span> <span class='ocrx_word' id='word_1_279' title='bbox 1188 4333 1337 4412; x_wconf 76' lang='grc'><strong>010101-</strong></span> 
     </span>
     <span class='ocr_line' id='line_1_36' title="bbox 157 4428 1336 4514; baseline 0.002 -19"><span class='ocrx_word' id='word_1_280' title='bbox 157 4430 201 4494; x_wconf 79' lang='grc'>100</span> <span class='ocrx_word' id='word_1_281' title='bbox 217 4435 409 4495; x_wconf 89' lang='grc'><strong>000100100</strong></span> <span class='ocrx_word' id='word_1_282' title='bbox 427 4431 513 4511; x_wconf 88' lang='grc'><strong>0100,</strong></span> <span class='ocrx_word' id='word_1_283' title='bbox 537 4428 684 4513; x_wconf 89' lang='lat' dir='ltr'>deoque,</span> <span class='ocrx_word' id='word_1_284' title='bbox 707 4428 800 4513; x_wconf 92' lang='lat' dir='ltr'>quod</span> <span class='ocrx_word' id='word_1_285' title='bbox 816 4429 1004 4495; x_wconf 88' lang='lat' dir='ltr'>sanitatem</span> <span class='ocrx_word' id='word_1_286' title='bbox 1022 4429 1091 4512; x_wconf 91' lang='lat' dir='ltr'>ipsi</span> <span class='ocrx_word' id='word_1_287' title='bbox 1110 4430 1336 4514; x_wconf 87' lang='lat' dir='ltr'>restituisset,</span> 
     </span>
    </p>
   </div>
   <div class='ocr_carea' id='block_1_8' title="bbox 0 0 1486 4912">
    <p class='ocr_par' dir='ltr' id='par_1_9' title="bbox 0 0 1486 4912">
     <span class='ocr_line' id='line_1_37' title="bbox 0 0 1486 4912; baseline 0 0"><span class='ocrx_word' id='word_1_288' title='bbox 0 0 1486 4912; x_wconf 95' lang='lat' dir='ltr'> </span> 
     </span>
    </p>
   </div>
  </div>
 </body>
</html>
