2962 4912
139 288 181 352 82
350 288 684 340 Peenno-uirtutes
703 289 944 339 EVANGELIUM.
973 287 1046 338 CAP.
1064 287 1135 338 xv1.

227 439 343 506 'Erat
367 446 483 506 eutem
508 441 544 504 in
570 439 700 522 templo
727 439 859 504 domini
883 436 990 505 Anne
1009 438 1247 522 prophetissa,
1273 438 1350 503 filia

140 544 318 624 Phanuel,
347 541 505 608 detribu
527 539 653 623 Asser,
681 562 769 625 ques
795 542 927 607 vixerat
952 562 1029 607 cum
1054 543 1126 606 viro
1154 562 1216 607 suo
1243 541 1349 607 suuis

141 654 274 731 septem
300 667 320 712 s
343 645 544 728 virginitate
567 665 644 724 sua3
671 644 811 709 ethaeo
833 644 937 710 vidue
962 650 1037 710 eret
1061 646 1130 709 iem
1150 665 1214 727 per
1234 665 1348 710 anuos

141 752 321 834 octogiuta
338 754 501 831 quatuor3
524 767 612 829 quse
630 767 817 829 numquam
835 747 1000 813 discessit
1015 769 1036 813 e
1050 747 1181 831 templo
1200 746 1348 828 domini,

141 853 285 918 ieiuniis
309 856 344 916 et
364 850 583 916 orationibus
604 869 741 915 vacans.
787 848 887 916 Haeo
907 851 1079 916 accedeus
1103 850 1275 916 adorabat
1296 851 1350 914 in·

145 956 276 1021 fantem
293 952 414 1019 dicens
432 954 596 1036 quonism
613 953 648 1016 iu
665 954 734 1017 isto
753 959 808 1018 est
823 952 1017 1037 redemptio
1035 954 1156 1020 seculi.

620 1122 741 1189 Oreus
765 1123 866 1192 XVI.

228 1261 447 1327 ¹Trausecto
464 1281 544 1326 vero
563 1260 717 1326 secundo
735 1282 826 1326 enno
844 1269 1015 1327 venerunt
1034 1263 1124 1345 megi
1145 1261 1188 1326 ab
1207 1261 1348 1325 oriente

140 1367 176 1429 iu
199 1364 494 1448 Hierosolymam,
517 1384 642 1447 megne
663 1363 864 1430 deferentes
885 1385 1040 1430 munera.
1079 1364 1147 1448 Qui
1169 1365 1349 1429 instanter

140 1470 445 1552 interrogaverunt
466 1465 618 1532 Iudaeos
643 1466 815 1532 dieentes:
848 1467 917 1532 Ubi
940 1475 993 1532 est
1010 1489 1069 1533 rex
1087 1468 1146 1551 qui
1164 1473 1270 1532 uetus
1293 1472 1350 1530 est

139 1568 261 1637 vobis?
291 1569 453 1638 Vidimus
472 1570 562 1633 enim
580 1569 717 1635 stellam
735 1570 810 1634 eius
832 1570 869 1634 in
887 1570 1037 1651 oriente,
1060 1578 1096 1635 et
1109 1571 1267 1635 venimus
1288 1568 1349 1633 ad·

208 1786 232 1830 3.
251 1795 287 1830 sss
301 1782 371 1830 Erat
383 1795 479 1844 quoqne
493 1775 672 1843 ipropbetissa
690 1784 721 1827 ut
734 1792 784 1837 sr3
803 1791 858 1829 neu
877 1794 919 1828 om
934 1781 937 1843 l
952 1780 984 1827 de
1001 1779 1069 1828 tribu
1081 1782 1161 1828 Asser
1174 1788 1205 1828 ut
1218 1791 1311 1837 sucos
1330 1791 1347 1827 z

139 1883 182 1917 om
197 1865 201 1933 Ι
215 1867 332 1915 annisut
344 1878 413 1925 coln
431 1878 467 1913 sn
480 1880 560 1913 annos
574 1863 577 1929 Ι
592 1881 609 1911 a
622 1864 649 1925 (e
663 1864 700 1926 in)
714 1865 788 1928 stirpi.
801 1881 848 1913 sne
860 1872 892 1914 ut
904 1877 973 1924 ηις
994 1877 1029 1915 cn
1043 1881 1084 1914 om
1099 1864 1102 1928 j
1117 1870 1142 1914 et
1153 1867 1216 1913 besec
1229 1890 1238 1900 ·
1252 1865 1346 1912 disces·

138 1955 174 2002 sit
186 1952 214 2015 (r
226 1949 382 2013 discedebat)
396 1951 427 2000 de
440 1949 470 2011 (s
483 1949 511 2011 e)
525 1954 556 1998 te.
569 1950 664 1998 domini
676 1948 723 2011 (cn
737 1949 789 2011 dei)
803 1951 878 1998 ieinn.
897 1954 921 1998 et
940 1965 977 1999 or.
995 1966 1088 1999 vacans
1101 1950 1129 2012 (Δ
1143 1966 1197 1998 vac.
1211 1953 1237 1998 et
1249 1950 1301 2011 or.)
1315 1954 1346 1998 ut

139 2051 226 2097 scum
247 2050 264 2084 Β
278 2051 340 2085 vero
352 2040 377 2085 et
389 2036 451 2084 boec
463 2035 496 2084 ei.
509 2039 574 2092 erat,
588 2051 652 2098 quae
664 2051 712 2083 non
724 2035 869 2083 discedebat
881 2052 898 2082 (ι
911 2040 942 2084 te.
956 2036 1050 2084 domini
1062 2034 1167 2083 Lm
1179 2035 1256 2084 annis
1268 2035 1345 2083 icius.

139 2141 193 2174 eac.
212 2127 237 2171 et
254 2139 293 2171 or.
307 2119 311 2186 Ι
327 2120 400 2170 Haec
412 2119 439 2182 (r
451 2120 490 2168 Et
498 2119 570 2182 baec)
584 2122 705 2169 accedens
724 2121 851 2169 adorabat
863 2120 890 2182 (e
901 2122 1032 2183 celerauit)
1045 2148 1053 2157 ·
1067 2128 1105 2170 eet
1116 2121 1143 2183 (e
1153 2120 1214 2184 erit)
1226 2122 1281 2170 red.
1295 2137 1344 2169 sec.

139 2216 170 2259 ut
183 2221 269 2266 scum
288 2220 305 2255 n
319 2222 380 2256 vero
398 2205 468 2267 Quae
480 2206 561 2253 dieit:
582 2207 647 2254 Ecce
656 2207 758 2268 positus
770 2212 807 2254 est
820 2208 845 2254 in
858 2208 958 2254 ruinam
977 2211 1002 2255 et
1020 2208 1046 2255 in
1058 2208 1269 2256 resurrectionem
1281 2205 1343 2254 snut·

139 2300 221 2345 torsrn
233 2294 259 2341 in
268 2292 368 2340 lsrael:
382 2292 461 2355 ipsius
473 2292 582 2339 aniciam
590 2292 761 2355 pertransibit
768 2291 882 2354 plodins,
896 2296 923 2340 st
931 2291 1076 2340 revelentur
1088 2308 1119 2340 es
1129 2292 1215 2340 riseritis
1225 2291 1345 2340 cordibus

139 2379 319 2443 copitotioness
337 2377 380 2439 qui·
397 2375 477 2423 seculi
493 2376 631 2440 redemptio
648 2381 693 2425 est.
722 2376 789 2424 ilinc
807 2378 903 2425 reuersi
921 2382 979 2426 sunt
997 2394 1051 2426 cnm
1068 2394 1096 2426 eo
1105 2382 1229 2442 parentes
1246 2378 1301 2425 eins
1318 2378 1345 2425 irs

138 2464 275 2514 Bethleem.
332 2464 335 2470 '

207 2548 277 2607 XVI,
297 2550 320 2596 l.
347 2546 489 2595 Transacte
507 2562 566 2595 vero
583 2548 691 2596 secundo
709 2564 775 2597 anno
795 2553 928 2605 renerent,
945 2555 976 2597 ut
989 2562 1019 2607 Δ,
1037 2549 1102 2598 item
1116 2561 1132 2596 Β
1146 2549 1183 2597 Et
1202 2549 1345 2597 transactis

138 2636 234 2686 dnobus
252 2634 326 2682 annis
338 2648 393 2680 eccs
405 2637 539 2688 sennem,-
559 2633 686 2682 similiter
697 2646 714 2681 u
730 2633 871 2682 transacto
884 2638 966 2682 cutem
979 2650 1045 2683 anno
1058 2639 1185 2682 venerunt.
1211 2633 1344 2683 Contruc

141 2720 289 2770 lbansoctis
301 2722 383 2766 antem
395 2717 490 2765 dnobus
502 2717 588 2766 diebus
599 2722 734 2775 venerunt,
752 2724 780 2767 et
792 2733 811 2767 1>
825 2717 869 2780 (ut
882 2719 934 2767 iem
947 2720 1061 2768 relotum
1075 2721 1128 2782 est)
1144 2720 1232 2769 Tertia
1244 2721 1344 2768 decime

137 2823 197 2856 sere
209 2805 250 2854 die
262 2807 390 2852 uenerunt.
410 2802 448 2850 De
462 2803 504 2850 hie
517 2803 680 2852 lectionibus
694 2812 813 2853 statuere
827 2804 940 2854 difficile
953 2812 1003 2852 ost.
1023 2805 1091 2854 Puto
1105 2812 1195 2856 temen
1208 2822 1224 2854 s
1237 2805 1343 2855 duobus

138 2892 216 2943 suuis
230 2890 320 2955 potius
333 2886 538 2952 regrediendum
552 2888 637 2937 visum
651 2904 708 2937 esse
722 2904 800 2952 quem
813 2904 829 2937 s
842 2888 945 2938 duobus
958 2889 1053 2939 diebus
1072 2891 1105 2939 sd
1119 2891 1235 2941 totidem
1254 2905 1343 2940 eunus

139 2973 372 3042 progrediendum.
397 2972 546 3022 Videbatur
564 2973 634 3022 enim
648 2974 745 3036 corrigi
759 2974 877 3023 nerrstio
894 2974 917 3023 si
929 2989 1065 3039 magorum
1084 2975 1217 3025 edveutus
1231 2977 1344 3040 propius

139 3063 172 3112 sd
185 3061 303 3124 reliques
321 3073 364 3107 res
376 3048 598 3107 Bethleemiticss
618 3058 767 3109 secederet.
791 3059 861 3108 Hinc
875 3060 1001 3123 estquod
1020 3062 1048 3110 iu
1062 3061 1154 3110 codice
1173 3075 1192 3110 1>
1210 3062 1270 3124 ipse
1288 3063 1344 3111 siu·

139 3148 258 3213 gulsrum
269 3158 355 3194 rerum
365 3141 429 3190 ordo
442 3146 561 3191 mutatus
572 3147 629 3202 eet3
641 3159 693 3207 quo
704 3150 746 3193 est
757 3145 880 3194 effectum
890 3150 922 3194 ut
934 3146 1005 3210 megi
1017 3147 1143 3196 venirent
1153 3147 1344 3196 Bethleemum

138 3238 283 3296 sutequsm
296 3244 361 3294 puer
373 3229 401 3277 iu
415 3229 517 3291 templo
530 3227 678 3278 offerretur.
698 3230 755 3287 Qus
765 3246 824 3279 cum
834 3245 862 3280 re
876 3231 1003 3281 cohaeret
1016 3231 1087 3295 quod
1100 3232 1171 3282 idem
1184 3233 1256 3282 iufrs
1269 3233 1345 3282 iuter

137 3332 273 3383 magorum
292 3314 476 3364 adorationem
494 3318 522 3363 et
541 3329 633 3364 necem
646 3316 881 3365 Bethleemitiosm
899 3316 951 3366 iter
965 3316 1080 3366 Herodis
1094 3317 1241 3367 Romanum
1261 3318 1344 3368 unius

138 3405 203 3454 suni
216 3399 404 3451 intercessisse
417 3398 493 3446 tecit.
512 3399 625 3449 Accedit
638 3401 709 3463 quod
723 3417 789 3464 quse
803 3403 921 3464 proxime
935 3406 1083 3465 sequuntur
1095 3404 1128 3452 de
1141 3418 1224 3467 puero
1237 3403 1266 3453 iu
1281 3403 1345 3452 sinu

137 3488 231 3539 metris
244 3485 371 3541 edos-sto,
388 3483 474 3547 magis
487 3483 617 3547 qusdrsre
630 3485 792 3536 videbuntur
810 3487 838 3536 in
857 3487 991 3537 inteutem
1003 3487 1113 3537 duorum
1133 3489 1190 3539 tere
1208 3490 1344 3539 meusium

138 3590 216 3638 quem
228 3585 359 3622 annorum
371 3569 493 3619 totidem.
518 3568 601 3628 Quem
616 3571 723 3635 quidem
736 3574 868 3622 restionem
883 3579 945 3636 post
957 3589 1062 3637 quoque
1076 3576 1163 3637 poetis
1174 3576 1275 3625 eetstie
1288 3592 1344 3626 me·

137 3659 197 3709 dise
210 3656 341 3722 imprimis
359 3655 492 3718 placuisse
511 3659 621 3705 constet
639 3655 686 3717 (ct.
705 3655 810 3707 Schsde
828 3659 846 3708 l.
859 3659 878 3706 l.
896 3674 957 3724 pag.
971 3661 1004 3708 28
1022 3658 1074 3723 sp.)
1099 3658 1222 3710 Ceterum
1242 3668 1344 3710 uotstu

138 3745 248 3810 dignum
262 3747 303 3793 est
317 3740 388 3805 quod
402 3741 453 3789 iem
466 3740 499 3790 sb
513 3752 622 3791 duotore
636 3741 731 3806 Operis
745 3743 850 3806 imperf.
864 3745 892 3794 in
905 3744 1004 3795 Metth.
1016 3745 1107 3794 homil.
1118 3748 1142 3794 2.
1156 3746 1274 3794 retertur
1288 3753 1342 3795 tre·

138 3830 205 3880 ditio
225 3844 256 3879 ex
269 3843 321 3892 que
333 3827 418 3891 msgis
431 3826 542 3876 duorum
555 3843 685 3876 susorum
699 3829 751 3877 iter
764 3829 917 3880 faciendum
930 3832 1021 3880 tuerit.
1047 3830 1174 3880 Codicum
1191 3832 1343 3880 auctorite·

137 3920 192 3965 tem
210 3914 282 3978 quod
299 3914 415 3971 attinet,
434 3911 486 3962 duo
505 3917 578 3963 certe
597 3912 630 3963 de
649 3915 761 3965 biennio
780 3917 969 3973 consentiunt,
993 3915 1027 3965 sd
1047 3931 1113 3980 quos
1130 3932 1213 3980 prope
1232 3916 1343 3967 secedit

136 4001 219 4051 lectio
228 3997 359 4056 ncodicis,
370 4000 416 4062 qui
423 3999 768 4063 antiquioremscripturem
776 4000 1031 4051 videturretiuuisse
1043 4003 1095 4051 nisi
1103 4002 1174 4065 quod
1184 4002 1343 4061 „secuudo“

136 4085 274 4136 obiecerit.
299 4083 406 4147 Reliqui
419 4099 481 4134 vero
495 4084 547 4134 duo
565 4087 633 4134 estis
651 4085 779 4135 differunt
799 4085 901 4134 dierum
919 4101 1040 4146 numero,
1058 4102 1108 4137 uec
1128 4094 1218 4137 temen
1237 4092 1282 4138 est
1294 4103 1342 4138 our

136 4172 216 4221 elteri
228 4171 342 4220 alterum
355 4171 499 4233 presteras.
514 4169 518 4236 Ι
533 4173 559 4220 in
572 4171 618 4233 (sc
632 4172 685 4234 om)
698 4171 901 4237 Hierosolymam
914 4172 942 4234 (r.
955 4172 1060 4230 -limom,
1076 4188 1093 4222 s
1107 4174 1297 4236 Ierssotimem)
1310 4181 1343 4225 ut

137 4270 205 4314 scm
224 4270 242 4304 u
256 4256 281 4303 in
295 4254 480 4320 Hierosolymis
494 4254 604 4322 lmapno
613 4258 756 4322 deserentes
768 4256 819 4319 (sio
832 4258 916 4320 sene)
929 4274 1033 4307 monere
1045 4258 1073 4320 (e
1087 4276 1151 4308 mun.
1164 4261 1217 4325 des.
1231 4270 1307 4322 mmm
1325 4273 1341 4310 o

136 4359 219 4406 mayn.
232 4357 297 4389 mun.
310 4341 381 4408 offer.
401 4341 405 4407 Ι
425 4353 495 4391 com
507 4358 554 4392 res
573 4340 577 4408 Ι
598 4344 641 4406 qni
659 4347 735 4393 netes
751 4348 789 4393 est
801 4344 831 4407 (1)
845 4345 897 4406 om)
911 4345 978 4393 uobis
991 4344 1038 4406 (co
1052 4346 1132 4408 nobis)
1153 4347 1157 4411 1
1177 4360 1196 4395 1>
1210 4364 1253 4396 om
1267 4349 1341 4406 enisis,

136 4430 202 4479 item
215 4440 232 4475 Δ
242 4428 304 4485 eius,
317 4427 382 4476 item
393 4440 408 4477 c
421 4428 447 4476 in
459 4428 550 4478 orient.
564 4425 568 4492 Ι
583 4429 707 4479 seniensis:
720 4442 736 4477 n
750 4428 867 4479 eddessen
876 4429 1018 4478 muneribus
1031 4458 1035 4495 l
1050 4431 1124 4482 Haec
1136 4434 1165 4495 (s
1178 4432 1231 4483 edd
1245 4437 1341 4494 sutem)
