2962 4912
182 298 223 362 54
413 300 748 352 Psennomsrrflsal
768 300 1007 352 EVANGELIUM.
1036 301 1109 350 CAP.
1130 301 1150 350 1.

698 518 817 585 Gerar
838 520 866 584 I.

270 658 279 691 ¹
300 656 342 720 In
360 657 484 721 diebus
501 656 572 720 illis
591 663 666 721 erat
681 659 733 721 vir
748 658 784 721 in
800 658 994 722 Ierusalem
1012 659 1150 721 nomine
1167 656 1324 721 Inachim
1342 676 1384 719 ex

182 760 275 823 tribu
293 759 392 824 Iuda.
423 759 470 823 Et
486 759 542 823 hic
559 766 634 824 erat
649 768 769 843 pastor
785 762 898 826 ovium
915 782 1065 840 suarum,
1083 761 1208 823 timens
1227 759 1329 823 deam
1346 759 1384 821 in

184 862 408 945 simplicitate
432 869 466 926 ct
487 864 522 926 in
540 862 697 928 bonitate
716 886 788 929 sua.
821 863 887 929 Oui
905 885 988 928 cura
1010 864 1107 928 nulla
1130 872 1206 928 erat
1227 863 1297 927 alia
1313 862 1383 925 nisi

183 973 508 1049 gregum⁰suorum‚
541 968 583 1032 de
612 991 758 1052 quornm
783 969 899 1033 fructu
931 969 1048 1033 alebat
1074 988 1192 1032 omnes
1217 967 1384 1030 timentes

182 1068 296 1148 deum,
315 1068 471 1151 duplicia
488 1070 637 1135 offerens
649 1093 793 1136 munera
809 1073 845 1134 in
862 1073 985 1136 timore
999 1069 1055 1134 dei
1073 1077 1108 1133 et
1119 1069 1278 1134 doctrina
1287 1066 1387 1131 labo-

183 1171 359 1251 rantibuS,
383 1179 417 1235 ct
435 1173 608 1255 simplicia
625 1174 773 1238 offerens
790 1175 844 1239 his
862 1175 922 1256 qui
939 1172 1186 1237 ministrabant
1202 1172 1263 1236 eis.
1287 1169 1385 1251 Ergo

183 1275 251 1337 sire
269 1275 304 1336 in
322 1276 423 1356 agnis
441 1277 511 1340 sive
529 1277 565 1339 in
583 1276 704 1340 ovibus
722 1278 791 1340 sive
809 1277 845 1340 in
856 1276 947 1340 lanis
964 1277 1033 1340 sive
1052 1277 1087 1339 in
1106 1274 1265 1340 omnibus
1277 1273 1385 1337 rebus

182 1377 254 1439 suis
284 1400 520 1462 quascumque
547 1379 727 1461 possidere
753 1379 936 1445 ridebatur
966 1386 1036 1442 tres
1066 1384 1184 1460 partes
1215 1375 1385 1441 faciebat:

182 1500 286 1543 unam
302 1487 436 1563 partem
453 1481 558 1546 dabat
575 1481 698 1562 viduiS,
717 1482 896 1564 orpheum,
920 1482 1115 1564 peregrinis
1133 1487 1237 1562 atque
1255 1499 1387 1562 paupe·

182 1581 295 1662 ribus;
317 1584 462 1649 alteram
478 1606 556 1648 rere
576 1593 710 1667 partem
729 1585 925 1649 colentibus
947 1584 1065 1663 ‹leum3
1088 1583 1227 1646 tertiam
1248 1588 1386 1666 partem

179 1793 230 1855 piis
242 1794 367 1851 incedens,
380 1811 445 1842 nunc
457 1795 603 1858 quibusdam
615 1795 775 1844 diverticulis
787 1796 821 1843 ad
833 1797 936 1843 eandem
948 1796 1015 1842 viam
1024 1810 1165 1850 recurrens,
1178 1794 1214 1841 sic
1223 1792 1388 1841 narrationis

181 1877 272 1942 stylum
285 1879 385 1928 tentabo
398 1879 593 1944 (temperabat),
612 1885 637 1929 et
648 1897 698 1929 non
715 1880 769 1928 alia
782 1881 865 1928 dicam
878 1896 951 1942 queam
964 1896 1028 1942 quae
1046 1881 1200 1941 autscripta
1212 1883 1272 1926 sunt
1288 1878 1324 1926 ibi
1341 1881 1388 1925 aut

182 1969 359 2027 consequenter
369 1965 448 2014 scribi
455 1971 602 2029 potuerunt.

252 2049 351 2098 Rursus
364 2063 399 2099 cn
413 2053 472 2100 loco
485 2053 598 2117 prologi,
613 2050 832 2116 quemadmodum
846 2052 873 2100 in
888 2065 921 2100 sn
935 2053 998 2099 Mon
1012 2059 1062 2108 est,
1078 2053 1141 2100 haec
1156 2051 1270 2100 habent:

181 2135 239 2198 Epo
257 2136 365 2184 lacobus
375 2137 452 2201 filins
468 2139 570 2202 Iosepbi
587 2138 639 2200 (iba
656 2153 689 2196 υς
716 2150 730 2186 c
748 2138 851 2202 Iosepls)
871 2154 1021 2186 conversans
1037 2139 1063 2184 in
1082 2138 1171 2185 timore
1187 2137 1229 2184 dei
1240 2136 1389 2200 perscripsi

181 2222 265 2269 omnia
278 2222 506 2283 quarantianum
523 2226 576 2287 ipse
588 2225 641 2272 vidi
652 2225 711 2283 fieri
728 2225 754 2271 in
772 2228 881 2287 tempore
894 2224 1039 2271 natiuitatis
1052 2223 1082 2281 ΙΙ)
1096 2221 1149 2281 om)
1163 2226 1267 2270 sanctae
1280 2221 1389 2270 Mariae

180 2305 289 2368 virpinis
307 2305 334 2366 (c
353 2309 407 2367 om)
426 2310 477 2357 sive
493 2310 589 2358 domini
606 2309 633 2370 (c
652 2316 706 2369 om)
728 2309 880 2358 salvatoris:
899 2311 1002 2372 pretias
1018 2325 1096 2370 opens
1113 2309 1159 2356 deo
1176 2308 1220 2370 qui
1235 2307 1296 2354 mibi
1314 2306 1390 2354 dedit

181 2391 332 2454 sapientiam
344 2393 371 2440 in
383 2394 498 2443 historiis
510 2396 633 2444 adventus
644 2396 692 2452 sui,
706 2397 837 2444 ostendens
843 2395 1028 2458 plenitudinem
1037 2395 1166 2442 duodecim
1176 2393 1289 2442 tribubus
1299 2393 1391 2441 Israel

182 2475 213 2536 (Β
227 2477 344 2535 tribuum,
357 2479 454 2527 omisso
468 2479 532 2543 Iar.)

250 2561 271 2610 1.
299 2561 331 2611 In
345 2578 361 2611 s
377 2566 494 2629 epistula
512 2567 696 2630 episcoporum
709 2569 786 2629 caput
795 2567 918 2628 primum,
937 2566 1074 2628 responsio
1088 2565 1243 2628 Hieronymi
1258 2568 1339 2628 caput
1350 2579 1388 2612 se·

182 2649 287 2696 candum
300 2649 413 2707 dicitnr,
432 2651 472 2700 its
489 2656 521 2700 ut
539 2652 590 2700 ium
604 2659 731 2715 sequatur
744 2656 821 2715 caput
832 2652 941 2699 tertium.
967 2652 987 2697 Α
1003 2665 1053 2713 quo
1072 2650 1165 2699 ordine
1183 2651 1211 2698 in
1225 2649 1333 2699 edendo
1347 2665 1388 2698 re·

182 2733 330 2783 cedendum
345 2736 494 2786 videbatur.

218 2821 240 2868 1.
268 2821 300 2868 In
318 2822 382 2870 dieb.
404 2822 459 2871 illis
479 2827 536 2872 erat
552 2824 607 2872 uir:
633 2825 672 2872 ita
694 2836 762 2881 ΑΒΒς
777 2835 812 2871 cn
831 2823 901 2870 Erat
918 2823 958 2870 nir
978 2820 981 2885 Ι
1002 2823 1028 2869 in
1048 2822 1188 2870 Ierusalem
1207 2837 1265 2869 cum
1285 2818 1387 2877 Aana‘,

182 2913 268 2953 crscorr
277 2907 340 2955 Mon
353 2909 380 2955 iu
390 2907 476 2956 Israel
489 2905 492 2973 Ι
508 2909 635 2957 Ioacbim:
649 2923 664 2957 s
677 2909 774 2972 passim
788 2908 925 2963 Iobacbim,
938 2908 1072 2972 Iobacbpm
1087 2906 1089 2971 Ι
1104 2924 1135 2954 ea
1148 2922 1205 2955 cum
1219 2919 1291 2955 ΒΟΒΒ
1303 2907 1386 2965 Μοῐι;

183 3002 200 3038 Δ
214 2991 245 3038 de
259 2989 262 3055 Ι
277 2995 302 3039 et
313 2992 354 3039 bic
367 3008 425 3041 cum
439 3005 492 3042 cnr
506 2994 578 3052 Mon,
592 3007 627 3042 ss
641 3010 682 3042 om
695 2998 720 3042 et
734 2991 736 3058 Ι
752 3005 768 3041 Β
782 3009 823 3042 orn
836 3010 938 3041 suarum
953 2991 955 3057 Ι
970 2994 1041 3041 deum
1055 3009 1113 3041 cum
1127 3005 1195 3050 cnm
1214 3005 1250 3040 sn
1263 2993 1330 3041 Mon
1343 2993 1387 3041 do·

182 3077 273 3124 minum
293 3075 296 3142 Ι
316 3082 341 3125 et
353 3079 379 3126 in
392 3076 438 3139 (ss
452 3079 505 3140 om)
519 3080 584 3128 boni.
597 3096 644 3128 erra
657 3095 714 3128 cum
729 3091 801 3128 Arsen
815 3080 893 3127 blan:
913 3092 983 3127 nom
999 3076 1002 3141 Ι
1016 3079 1079 3125 nisi:
1097 3090 1113 3124 Β
1127 3093 1200 3140 quam
1218 3075 1221 3140 Ι
1240 3093 1344 3125 suorum
1358 3077 1388 3139 (Β

183 3160 237 3222 om)
252 3168 281 3212 et
293 3179 397 3227 quorum
410 3180 468 3213 cum
483 3164 580 3226 ΒοΒΙΒ)
595 3167 674 3224 Mem
694 3180 711 3214 s
725 3182 827 3214 marum
840 3171 868 3215 et
881 3180 986 3229 quarum
1002 3159 1006 3227 Ι
1029 3163 1185 3227 israelitas
1204 3160 1207 3226 Ι
1226 3162 1314 3210 alebat
1327 3177 1387 3211 cum

183 3261 235 3295 aaa
246 3249 324 3307 Μοιις
339 3262 353 3298 c
363 3251 495 3313 pascebat,
508 3265 526 3299 Β
532 3252 656 3315 pascebat
667 3252 708 3299 vel
720 3252 805 3300 abbat
819 3248 822 3314 Ι
838 3264 853 3298 Β
864 3267 947 3300 omnes
951 3265 1080 3314 pauperes
1089 3253 1114 3297 et
1123 3249 1238 3297 timentes
1251 3246 1254 3311 Ι
1268 3248 1388 3312 duplicia

182 3356 192 3369 ·
205 3334 242 3381 eis
254 3350 312 3382 curn
323 3349 351 3383 rr:
366 3349 383 3383 s
396 3340 421 3384 et
432 3336 548 3399 duplicia
560 3338 668 3403 offerens
680 3338 707 3384 in
716 3338 805 3385 timore
814 3338 856 3385 dei
864 3353 967 3385 munera
980 3337 1007 3382 in
1017 3336 1135 3383 doctrina
1148 3334 1326 3382 laborantibus
1337 3335 1388 3382 biis

182 3419 226 3481 qui
241 3420 422 3470 ministrabant
432 3423 457 3470 ei
462 3442 470 3477 ,·
488 3435 504 3469 Β
521 3423 583 3470 baec
599 3439 702 3471 munera
722 3423 829 3488 offerens
845 3422 1008 3486 simplicitur
1028 3433 1042 3470 c
1056 3422 1120 3468 Mon
1137 3419 1232 3483 duplic.
1247 3421 1388 3484 proferens

183 3504 259 3565 (Mon
273 3506 391 3571 offerens)
403 3523 508 3556 munera
525 3510 551 3555 in
563 3510 652 3557 timore
664 3509 706 3556 dei
718 3508 857 3570 effantibus,
876 3509 901 3554 in
919 3506 995 3568 (Mon
1009 3506 1045 3567 et)
1063 3507 1182 3555 doctrina
1199 3505 1385 3562 laberantibus,

181 3604 200 3640 Β
218 3595 243 3640 et
254 3591 324 3655 dupl.
342 3593 450 3659 offerens
462 3610 566 3642 munera
577 3595 627 3642 liu
644 3594 687 3658 qui
702 3595 883 3643 ministrabant
899 3594 922 3641 ei
939 3595 965 3641 in
983 3593 1071 3641 timore
1087 3593 1182 3640 domini
1197 3592 1343 3654 apsntibus,
1360 3593 1386 3639 in

182 3676 301 3725 doctrina
317 3679 405 3727 diuina
423 3679 599 3730 laborantibus
617 3678 620 3744 Ι
640 3681 713 3742 Erpa
732 3680 760 3743 (c
780 3679 834 3740 om)
854 3705 863 3715 ·
881 3681 933 3728 sine
949 3680 976 3727 in
992 3678 1055 3728 ossib.
1076 3677 1153 3738 (haec
1173 3693 1214 3726 om
1234 3676 1262 3737 c)
1284 3703 1293 3714 ·
1312 3694 1385 3741 quas·

183 3777 261 3826 cumq-
281 3764 309 3824 (ο
322 3764 478 3828 quaecumq.)
499 3792 507 3801 ·
525 3766 616 3823 viduis,
629 3768 752 3829 orphanis
764 3765 794 3829 (s
807 3767 879 3830 arpis.
892 3767 943 3814 vid.
956 3765 992 3823 et)
1013 3793 1021 3801 -
1041 3780 1099 3812 cero
1119 3763 1146 3825 (c
1160 3761 1215 3825 om)
1233 3767 1336 3826 partem
1355 3763 1385 3823 (Β

183 3861 240 3905 om,
259 3862 275 3895 Δ
290 3849 342 3897 sdd
355 3851 446 3911 dabat)
460 3852 598 3902 colentibus
611 3853 641 3915 (Β
654 3854 784 3916 praemia
797 3852 888 3914 templo
901 3851 995 3899 dornim
1008 3851 1173 3899 serrrientibus
1184 3849 1221 3910 et)
1234 3850 1308 3897 deum
1323 3874 1332 3885 ·
1346 3865 1385 3897 re·

182 3935 302 3982 seruabat
311 3951 369 3984 cum
380 3949 449 3986 sont
464 3952 480 3986 Β
491 3940 556 3987 Nam
566 3954 660 3987 omnem
670 3937 836 3987 substantiam
845 3952 915 3985 suain
928 3937 1033 4001 trifarie
1042 3936 1185 3984 dividebat:
1198 3951 1273 3983 unam
1282 3937 1387 3997 partem

183 4020 275 4084 templo
293 4025 318 4069 et
334 4023 422 4086 templi
437 4025 610 4074 sacerdotibus
626 4024 797 4088 impertiebat,
816 4022 896 4072 aliam
911 4028 1012 4087 partem
1027 4022 1172 4087 pereprinis
1189 4025 1214 4069 et
1228 4021 1388 4084 pauperibus

182 4107 317 4170 eropabat,
336 4110 438 4158 tertiam
450 4110 498 4158 sibi
515 4115 540 4158 et
544 4111 668 4174 familiae
680 4127 741 4158 suae
753 4111 810 4157 usui
821 4110 976 4158 reservabat.
1001 4110 1045 4156 Ita
1057 4109 1156 4156 damino
1174 4107 1256 4154 iustus
1272 4110 1299 4154 et
1309 4107 1387 4154 bomi-

182 4191 255 4241 nibus
264 4194 325 4257 pius
336 4195 476 4243 uidebatur.
499 4194 567 4246 Item
580 4211 596 4246 Β
608 4198 660 4246 sine
676 4198 703 4245 in
715 4198 789 4260 apnis
800 4197 851 4245 rios
868 4198 894 4243 in
906 4197 977 4244 ledis
989 4196 1040 4243 sine
1053 4197 1078 4241 in
1091 4194 1159 4241 lanis
1171 4193 1222 4242 sive
1234 4192 1261 4239 in
1274 4191 1388 4241 omnibus

182 4278 257 4327 rebus
274 4281 340 4336 suis,
357 4281 388 4328 de
406 4282 518 4330 omnibus
535 4285 587 4332 tres
601 4287 692 4346 partes
699 4283 831 4347 faciebat,
850 4298 925 4329 unam
933 4285 1035 4344 partem
1047 4281 1113 4327 dans
1125 4278 1208 4325 triduis
1224 4282 1249 4326 st
1263 4278 1389 4341 orphanis

182 4368 209 4412 et
217 4366 362 4428 pereprinie
373 4371 448 4431 atque
457 4369 622 4433 pauperibus,
636 4368 744 4417 alteram
753 4373 856 4433 partem
865 4368 936 4416 deum
949 4365 1095 4421 colentibus,
1108 4365 1213 4412 terciam
1222 4367 1327 4427 partem
1340 4362 1389 4412 sibi

183 4453 209 4498 et
220 4450 287 4499 omni
298 4453 383 4502 annui
394 4469 462 4501 suae.
