3000 4912
252 306 487 358 EVANGXLIUM
506 305 697 357 monumen
714 302 907 355 casulem
936 303 1055 355 XXXIV.
1072 304 1177 354 XXXV.
1254 302 1322 367 199

112 458 239 524 laetam
260 456 328 521 huc
353 477 578 522 reversuram.
625 455 694 522 Illa
715 454 842 520 mulier
862 453 966 520 simul
990 460 1096 537 atque
1119 455 1316 520 orationem

112 561 205 627 filiae
223 559 393 645 principis
414 559 542 640 audiit,
565 559 751 625 confestim
773 558 880 623 filiam
899 578 996 622 suam
1015 578 1135 623 secum
1156 558 1314 640 abduxit,

112 670 147 730 ct
176 663 221 730 ad
251 663 365 728 locum
391 662 613 746 designatum
637 661 796 746 profecta
821 660 995 726 dominam
1019 660 1139 726 heram
1164 660 1313 727 Mariam

109 767 201 833 adiit
221 767 323 850 eique
346 766 438 832 filiae
456 787 538 831 suae
560 772 688 831 statum
710 764 858 847 aperuit.
897 762 1034 829 Audita
1054 765 1212 831 oratione
1235 765 1312 831 eius

110 870 196 936 hera
211 870 327 936 Maria
341 869 505 952 praebuit
521 868 575 934 illi
591 868 786 952 paullulum
802 888 913 951 aquae
931 868 1088 952 eiusque
1104 888 1230 952 corpus
1247 867 1311 933 filii

109 975 165 1039 sui
181 972 265 1039 Iesu
282 972 456 1055 abluerat,
478 971 584 1056 idque
603 992 678 1037 eam
693 971 730 1035 in
747 991 874 1053 corpus
891 969 983 1036 filiae
1002 970 1180 1037 effundere
1197 972 1312 1037 iussit.

111 1075 206 1143 Data
222 1096 362 1161 quoque
382 1075 451 1159 ipsi
468 1074 579 1140 fascia
595 1096 636 1140 ex
651 1073 851 1157 panniculis
869 1073 1000 1140 domini
1016 1074 1111 1155 Iesu,
1134 1071 1239 1157 Cape,
1261 1074 1314 1138 in·

108 1181 201 1263 quit,
228 1178 317 1243 hanc
340 1178 484 1244 fasciam
510 1198 654 1261 eamque
676 1177 770 1241 hosti
791 1182 868 1259 tuo,
895 1177 1183 1260 quotiescumque
1209 1179 1310 1243 illum

107 1281 249 1363 rideris,
270 1277 428 1347 ostende.
461 1280 603 1345 Etcum
621 1280 833 1345 salutatione
853 1278 933 1344 illas
953 1279 1095 1345 dimisit.

548 1499 669 1566 Oneon
692 1499 871 1569 XXXIV.

195 1671 283 1739 (lum
301 1694 382 1757 ergo
401 1673 578 1756 digressae
600 1673 643 1737 ab
663 1672 727 1738 illa
747 1674 784 1736 in
801 1674 980 1756 regionem
997 1695 1093 1740 suam
1109 1674 1310 1756 rediissent,

105 1776 317 1860 adessetque
338 1782 555 1859 tempusque
573 1781 713 1840 satanas
730 1775 791 1842 ille
807 1776 971 1841 invadere
989 1798 1064 1842 eam
1081 1776 1227 1860 solebat,
1244 1777 1311 1843 hoc

106 1879 183 1962 ipso
201 1884 357 1961 tempore
381 1879 544 1962 apparuit
564 1878 618 1943 illi
638 1877 695 1943 hic
711 1879 920 1944 maledictus
943 1879 1006 1944 sub
1024 1880 1135 1944 forma
1155 1881 1309 1965 ingentis

108 1979 282 2064 draconis,
300 2002 321 2047 a
336 2001 405 2065 quo
423 1986 611 2064 conspecto
628 1980 748 2063 puella
764 1981 891 2046 timuit.
917 1979 984 2046 Oui
999 1989 1123 2047 mater:
1142 1981 1197 2049 Ne
1214 1986 1309 2068 time,

106 2105 127 2151 o
152 2084 241 2165 filia;
266 2085 341 2149 sine
367 2083 466 2148 illum
491 2083 535 2149 ad
556 2090 590 2149 te
616 2084 800 2167 accedere,
825 2092 900 2151 tum
920 2084 1065 2151 fasciam
1087 2108 1189 2171 quam
1212 2088 1310 2155 dedit

108 2188 212 2253 nobis
229 2186 369 2252 domina
384 2186 499 2252 Maria
519 2188 664 2253 ostende
687 2188 770 2271 ipsi,
793 2195 829 2253 et
849 2187 934 2272 quid
955 2188 1112 2253 futurum
1134 2191 1181 2255 sit
1196 2190 1310 2257 videa·

108 2312 195 2356 mus.
237 2288 325 2356 (lum
349 2290 459 2374 igitur
479 2298 619 2356 satanas
645 2291 705 2357 ille
729 2292 916 2357 draconem
936 2291 1130 2357 terribilem
1151 2292 1308 2359 referens

105 2394 439 2478 appropinquasset,
464 2412 589 2477 corpus
610 2395 749 2477 puellae
771 2416 855 2477 prae
877 2395 1001 2459 timore
1024 2395 1099 2459 eius
1116 2395 1307 2477 inhorruit3

103 2496 167 2562 aed
184 2496 396 2580 simulatque
417 2495 563 2561 fasciam
584 2497 688 2561 istam
703 2498 850 2580 promsit
871 2503 905 2562 et
926 2496 1033 2580 capiti
1055 2517 1117 2562 suo
1140 2499 1308 2581 imposuit

102 2598 297 2680 oculosque
315 2619 356 2663 ea
372 2599 516 2680 obtexit,
540 2620 581 2664 ex
597 2621 639 2664 ea
654 2599 765 2664 fascia
780 2600 937 2666 flammae
955 2605 990 2665 et
1005 2620 1138 2683 prunae
1157 2603 1305 2668 emicare

101 2707 209 2785 atque
231 2702 267 2765 in
284 2700 470 2767 draconem
486 2701 613 2785 proiici
630 2709 832 2785 coeperunt.
864 2701 894 2769 Ο
912 2723 1074 2787 maguum
1096 2703 1186 2768 illud
1203 2707 1305 2772 mira·

106 2804 233 2885 culum,
252 2804 346 2888 quod
361 2804 492 2870 factum
509 2810 563 2870 est
578 2805 789 2889 simulatque
803 2805 908 2870 draco
925 2805 1071 2872 fasciam
1081 2806 1212 2873 domiui
1222 2808 1306 2875 Iesu

102 2907 277 2991 adspexit,
300 2928 342 2972 ex
358 2929 427 2991 qua
442 2908 534 2991 ignis
553 2908 725 2973 emicabat
741 2914 776 2974 et
794 2909 831 2972 in
849 2915 954 2993 caput
970 2910 1045 2976 eius
1062 2917 1167 2993 atque
1184 2913 1305 2979 oculos

104 3009 367 3093 proiiciebatur.
403 3008 534 3093 Magna
553 3009 613 3074 ille
631 3030 712 3075 voce
730 3009 946 3076 exclamavit:
979 3010 1073 3097 Quid
1089 3013 1173 3079 mihi
1190 3020 1306 3081 tecum

103 3118 172 3194 est,
196 3134 215 3177 o
232 3110 315 3178 Iesu
332 3113 382 3177 fili
398 3110 556 3177 Mariae?
579 3134 647 3196 quo
667 3120 737 3179 ate
755 3113 909 3198 fugiam?
938 3115 1068 3200 Magno
1085 3136 1164 3182 cum
1180 3118 1304 3186 timore

101 3221 384 3300 tergumvertens
396 3238 416 3281 a
424 3216 544 3299 puella
552 3217 723 3299 discessit,
736 3238 849 3301 neque
861 3239 1013 3302 unquam
1024 3226 1148 3303 postea
1158 3220 1190 3285 ei
1202 3242 1307 3305 appa·

101 3321 185 3384 ruit.
209 3319 337 3386 Puella
352 3326 468 3384 autem
485 3320 553 3384 iam
570 3319 612 3384 ab
630 3340 670 3385 eo
689 3321 798 3385 otium
815 3318 939 3385 habuit
955 3327 991 3386 et
1006 3320 1072 3387 deo
1089 3321 1211 3387 laudes
1229 3344 1307 3406 gra-

101 3421 241 3506 tiasque
259 3423 340 3506 egit,
357 3429 481 3487 etcum
497 3422 574 3505 ipsa
592 3423 782 3505 omnesqui
799 3422 967 3487 miraculo
984 3422 1038 3488 illi
1055 3423 1303 3491 interfuerant.

553 3677 673 3744 Garun
696 3677 856 3748 XXXV.

188 3848 273 3915 Alia
292 3851 421 3916 ibidem
438 3850 564 3915 mulier
580 3850 740 3936 degebat,
758 3851 857 3915 cuius
874 3849 969 3916 filius
986 3872 1006 3917 a
1022 3857 1145 3917 satana
1160 3852 1314 3918 vexata-2

101 3957 170 4017 tur.
201 3953 282 4036 Hie,
299 3951 406 4019 Iudas
424 3953 574 4034 nomine,
595 3952 884 4036 quotiescumque
902 3959 1041 4018 satanas
1058 3951 1119 4018 ille
1137 3974 1214 4018 eum
1231 3976 1305 4021 cor·

103 4055 265 4140 ripiebat,
283 4055 473 4137 omnesqui
490 4052 534 4118 ad
551 4074 629 4119 eum
646 4053 978 4137 appropinquabant
988 4055 1179 4138 mordebat,
1196 4064 1301 4141 atque

102 4159 133 4224 si
156 4159 330 4224 neminem
356 4158 453 4222 iuxta
474 4176 510 4221 se
536 4156 737 4221 inveniebat
758 4177 838 4223 suas
864 4157 940 4241 ipse
963 4179 1085 4224 manus
1109 4164 1144 4224 et
1164 4167 1304 4227 caetera

173 4366 291 4416 XXXIV.
310 4367 403 4417 Puella
415 4371 498 4417 autem
511 4393 519 4404 ·
533 4391 541 4403 ·
554 4366 658 4416 tatuit.-
675 4367 716 4417 itu
727 4366 769 4416 Vl.
783 4381 832 4430 pro
845 4366 890 4416 Sic
897 4366 1003 4431 paellae
1014 4369 1072 4418 teia
1083 4372 1302 4436 ucetiamsacec

100 4469 158 4503 me
170 4452 247 4502 desiit
