2962 4912
358 336 560 388 nascereris
579 336 722 388 CHRISTI
740 339 786 389 ΔΙ)
804 338 966 389 INI'EROS.
993 339 1113 390 v1-lx.
1274 340 1337 402 429
1414 295 1425 318 Ι

141 487 263 553 videre.
312 488 358 553 Et
386 488 506 553 iterum
535 488 710 554 clamatum
740 495 790 553 est
817 489 924 553 intus:
955 488 1078 554 Tollite
1106 496 1219 572 portas
1247 492 1336 574 prin·

141 589 232 673 cipes
254 595 395 673 vestras,
424 595 457 654 et
484 589 655 654 elevamini
683 594 798 672 portae
826 590 1022 672 aeternalem
1051 597 1084 654 et
1105 591 1259 656 introibit
1279 614 1338 656 rex

141 690 276 774 gloriae.
320 690 616 776 Interrogararunt
646 691 766 755 iterum
798 691 945 756 internus
974 698 1008 756 et
1029 691 1132 757 Satan
1160 694 1201 759 ad
1224 716 1336 758 rocem

141 794 232 860 illam
255 797 462 879 perspicuam
479 796 638 862 dicentes:
661 796 745 880 Quis
768 803 819 861 eet
840 797 904 861 iste
926 818 983 861 rex
1005 798 1157 880 gloriae?
1186 798 1337 864 Dictum·

140 920 205 982 que
234 905 285 964 est
311 899 378 964 illis
407 921 427 964 a
453 920 532 965 voce
558 900 616 965 illa
643 899 788 964 mirabili
811 898 977 965 Dominus
1005 900 1162 965 virtutum
1190 903 1260 984 ipse
1288 908 1338 966 est

140 1023 199 1068 rex
221 1002 356 1086 gloriae.

518 1165 636 1233 Oneon
659 1165 761 1232 VIII.
798 1166 958 1252 (XXIV.)

226 1296 274 1360 Et
301 1317 376 1362 ecce
406 1296 515 1363 subito
539 1297 687 1362 infernus
709 1297 923 1380 contremuit,
954 1301 988 1362 et
1015 1302 1130 1380 portae
1158 1299 1276 1364 mortis
1304 1304 1338 1362 et

141 1420 234 1465 sorae
257 1401 478 1465 comminutae
501 1406 534 1465 et
555 1406 665 1466 vectes
688 1400 787 1465 ferrei
810 1400 972 1465 confracti
995 1406 1073 1466 sunt
1094 1407 1128 1466 et
1148 1402 1338 1467 ceciderunt

139 1503 175 1569 in
203 1510 340 1588 terram,
372 1511 406 1570 et
433 1504 599 1588 patefacta
626 1511 702 1570 sunt
725 1504 843 1570 omnia.
885 1504 933 1570 Et
955 1502 1096 1570 Satanas
1119 1506 1278 1571 remansit
1302 1506 1337 1570 in

139 1608 299 1692 medium,
330 1608 503 1694 stabatque
531 1609 688 1675 confusus
717 1615 750 1674 et
776 1609 936 1692 deiectus,
968 1608 1154 1692 conligatus
1181 1610 1337 1693 compede

139 1711 175 1777 in
203 1712 351 1796 pedibus.
395 1713 442 1778 Et
470 1734 545 1779 ecce
574 1713 726 1779 dominus
753 1713 849 1778 Iesus
872 1711 1025 1778 Christus
1052 1714 1185 1779 veniens
1212 1715 1247 1778 in
1275 1715 1339 1780 ola·

139 1815 239 1881 ritate
263 1817 384 1882 excelsi
406 1816 541 1882 luminis
563 1824 768 1901 mansuetus,
796 1836 935 1901 magnus
958 1822 991 1882 et
1012 1817 1159 1902 humilis,
1187 1825 1337 1885 catenam

140 1918 210 1983 auis
233 1918 413 2002 deportans
435 1918 588 1985 manibus
610 1918 712 1986 Satan
734 1941 808 1985 cum
837 1919 925 1985 collo
953 1919 1080 2004 ligavit,
1109 1926 1143 1984 et
1170 1920 1291 1986 iterum
1319 1943 1339 1987 a
1396 1920 1399 1927 ’

139 2027 235 2108 tergo
268 2023 298 2089 ei
329 2024 474 2108 religans
506 2046 622 2090 manus
638 2059 639 2062 ¹
653 2024 844 2108 resupinum
875 2046 949 2089 eum
984 2024 1074 2090 elisit
1104 2025 1138 2089 in
1166 2031 1338 2111 tartarum,

139 2129 322 2212 pedemque
353 2151 449 2194 suum
480 2135 629 2195 sanctum
661 2130 691 2195 ei
728 2129 841 2214 posuit
877 2130 912 2194 in
941 2134 1092 2213 gutture,
1129 2129 1242 2195 dicens
1272 2129 1338 2194 Per

139 2231 250 2296 omnia
281 2233 392 2297 secula
422 2232 526 2305 multa
560 2232 647 2297 mala
677 2232 803 2314 fecisti,
835 2232 904 2297 ullo
936 2230 1032 2297 modo
1066 2252 1134 2296 non
1165 2232 1337 2314 quievisti:

138 2334 238 2401 hodie
269 2342 301 2401 te
327 2337 422 2403 trado
452 2338 518 2421 igni
542 2343 711 2421 perpetuo.
755 2336 952 2420 Vocatoque
976 2336 1042 2401 cito
1066 2335 1195 2401 inferno
1218 2337 1266 2402 ait
1287 2337 1337 2402 illi

138 2439 360 2524 praecipiens:
383 2441 478 2507 Tolle
498 2442 587 2507 hunc
608 2442 788 2526 pessimum
810 2463 849 2506 ac
871 2439 1118 2524 nequissimum,
1140 2446 1174 2505 et
1197 2443 1257 2506 sub
1280 2446 1338 2506 tua

138 2543 259 2611 habeto
284 2547 436 2611 custodia
458 2568 561 2630 usque
584 2548 619 2612 in
635 2547 721 2613 diem
743 2546 837 2611 illum
853 2567 919 2629 quo
943 2545 1005 2610 tibi
1027 2567 1235 2629 praecepero.
1270 2547 1336 2631 Qui

139 2655 275 2732 accepto
304 2649 419 2715 eodem
448 2648 508 2714 sub
537 2650 676 2733 pedibus
706 2649 832 2716 domini
861 2648 1029 2714 demersus
1056 2654 1107 2713 est
1134 2671 1207 2713 cum
1235 2670 1273 2713 eo
1302 2648 1337 2712 in

139 2751 339 2874 profundum
362 2752 482 2836 abyssi.

546 2890 664 2956 (larun
686 2889 752 2956 IX.
789 2888 929 2977 (XXV.)

228 3020 349 3085 ¹Tunc
377 3021 531 3086 dominus
554 3020 651 3086 Iesus
680 3021 825 3086 salrator
853 3021 1011 3104 omnium,
1039 3020 1176 3103 pius-et
1203 3021 1336 3085 mitissi-

139 3237 224 3301 illimt)
244 3239 407 3288 dividere..
427 3251 444 3288 Β
462 3240 509 3288 iol.
529 3256 556 3287 se
573 3239 684 3288 illudere
698 3238 703 3299 l
719 3240 756 3288 m
774 3240 865 3289 iterum
884 3274 891 3288 .
907 3275 914 3288 .
933 3253 948 3290 c
967 3242 1070 3288 Interea
1085 3239 1090 3300 Ι
1106 3241 1174 3288 intas
1192 3255 1249 3288 cnm
1268 3251 1285 3288 Β
1304 3275 1334 3288 ..

140 3337 174 3374 nc
193 3339 233 3372 om
259 3325 263 3387 Ι
288 3329 449 3388 Interropoo.
470 3351 479 3360 ·
497 3327 609 3373 dicentes
634 3327 662 3384 (Α
680 3326 733 3374 aod
756 3342 806 3388 per
829 3325 925 3386 omnio)
945 3362 973 3375 ..
994 3340 1009 3376 c
1034 3327 1227 3388 Responderunt
1249 3330 1335 3373 treme·

140 3413 218 3462 leodi
237 3413 319 3460 aaran
337 3417 361 3459 et
379 3413 479 3474 issem
497 3409 502 3475 Ι
522 3411 598 3460 Dom.
617 3412 739 3460 virtutum
758 3447 787 3460 ..
807 3424 825 3461 Β
844 3413 918 3460 Dom.
936 3418 1022 3460 aonter

228 3498 303 3546 Vlll.
342 3499 384 3547 Cf.
404 3512 498 3559 graece
518 3497 548 3553 V,
567 3499 591 3545 3.
611 3498 656 3553 Vl,
675 3500 705 3556 23
724 3499 789 3547 item
808 3495 936 3550 latineA
955 3498 1017 3547 Vll.
1048 3510 1082 3547 nc
1100 3503 1124 3546 et
1141 3501 1334 3545 eeroeetcect.

131 3586 221 3649 semi
238 3582 270 3644 (Β
287 3600 387 3639 ·rreoe,·
406 3586 470 3633 item
489 3599 505 3634 a
525 3587 606 3647 atqua
625 3585 704 3633 etiam
725 3583 885 3648 confractae)
904 3586 1049 3635 comminuti
1067 3586 1095 3640 (Β
1113 3582 1176 3641 -lacl
1195 3587 1252 3631 auat
1271 3583 1275 3644 Ι
1297 3600 1336 3632 re-

140 3672 235 3718 mansit
258 3671 285 3716 in
308 3668 415 3716 medium
434 3673 477 3716 etc
502 3704 509 3716 .
531 3703 538 3716 .
563 3681 578 3718 c
600 3669 685 3717 stabat
703 3669 729 3717 in
748 3671 828 3717 medio
847 3670 967 3733 conserens
990 3667 995 3728 Ι
1019 3668 1110 3730 conlip.
1129 3683 1206 3730 coorp.
1225 3668 1252 3714 ia
1274 3667 1336 3731 ped.

141 3773 199 3806 cum
219 3769 248 3815 03
267 3771 284 3806 a
302 3755 394 3817 coolip.
415 3756 574 3818 compedibus
593 3791 622 3804 ..
644 3768 660 3805 Β
679 3772 720 3804 orn
737 3755 741 3818 Ι
757 3757 849 3805 excelei
867 3757 971 3805 luminis
989 3758 1017 3817 (Β
1036 3755 1095 3803 tum.
1112 3755 1337 3815 excellentissimi),

138 3857 220 3889 mooe.
240 3856 290 3888 oia.
311 3844 336 3887 et
353 3841 419 3887 lum.
440 3856 497 3887 curu
517 3852 551 3890 ΑΒ
572 3874 600 3888 ..
622 3854 636 3890 c
655 3840 768 3889 excelsus
784 3841 898 3898 leumiim,
920 3843 1228 3903 commercatricem
1250 3837 1255 3894 Ι
1279 3839 1335 3889 aar.

140 3940 195 3971 crim
214 3923 282 3972 collo
306 3923 385 3985 lipao.
407 3939 464 3971 cum
484 3938 501 3973 n
520 3959 527 3972 .
543 3960 549 3973 .
568 3936 585 3973 Β
605 3924 660 3972 Sal.
680 3924 819 3987 conligavit
838 3959 867 3974 ..
888 3922 1037 3973 &Satanae
1061 3940 1114 3970 eam
1138 3922 1215 3985 lipari.
1234 3924 1337 3971 cernici-

139 4010 185 4059 bue
200 4010 203 4070 Ι
220 4023 235 4060 c
253 4011 409 4071 templium,
429 4015 457 4059 et
476 4026 517 4058 om
536 4012 562 4058 ia
580 4015 643 4060 tart.
659 4011 663 4073 Ι
684 4023 700 4059 Β
719 4027 761 4058 om
782 4027 831 4073 per
848 4027 913 4058 omn.
931 4026 978 4058 sec.
994 4009 999 4070 Ι
1021 4009 1163 4072 l'ccotoqre
1180 4012 1224 4057 cit.
1242 4011 1289 4074 ias.
1308 4008 1336 4070 (Δ

144 4094 302 4158 Vocatuaque
320 4096 396 4143 citiua
414 4094 541 4158 infernus)
558 4120 568 4129 -
583 4095 699 4157 praecep.
718 4093 746 4155 (a
760 4111 801 4143 om
817 4092 945 4157 praecip.)
967 4093 1039 4141 Tolle
1056 4109 1114 4141 cum
1131 4106 1165 4142 nn
1185 4129 1214 4142 ..
1234 4107 1249 4144 (¹
1270 4094 1338 4142 Tbelo

140 4183 230 4231 occari
239 4182 310 4244 fecit
328 4181 353 4227 ia
368 4197 445 4230 rrum.
475 4183 511 4227 ,ll
529 4180 575 4228 ille
593 4181 767 4229 tremebundus
784 4181 907 4242 apponit
918 4179 1027 4226 demissa
1036 4180 1121 4242 facie,
1139 4180 1337 4241 quaerentum

138 4286 190 4318 non
209 4269 318 4317 audebat
336 4269 470 4331 respicere.
502 4268 571 4316 Taoo
588 4269 655 4316 ‹lirit
673 4268 716 4316 illi
728 4267 877 4324 Maledicte,
894 4267 1021 4323 damnate,
1040 4265 1102 4313 tolle
1116 4267 1121 4329 Ι
1137 4266 1193 4314 Bis
1207 4266 1337 4330 profando

139 4354 248 4411 tartari,
266 4368 281 4404 c
299 4354 326 4401 ies
339 4355 473 4418 profunda
490 4356 594 4400 tartara

228 4442 278 4499 lx,
304 4445 327 4490 l.
363 4441 404 4489 Cf.
431 4436 553 4498 Al'lll,
575 4443 598 4488 1.
638 4439 706 4488 Tuae
722 4441 790 4489 doen.
819 4441 851 4502 (Β
871 4455 912 4488 om
938 4439 966 4488 T.
985 4437 1042 4497 do.)
1068 4439 1118 4487 let.
1141 4435 1176 4500 (B
1192 4437 1248 4489 illd
1266 4452 1300 4487 ss
