2962 4912
145 288 207 351 184
333 290 567 342 avuncunlum
584 290 777 342 munnulus:
796 289 986 342 enimcum,
1013 291 1154 345 vl11.1x.

144 439 435 527 Hierosolymam,
447 440 737 524 quemadmodum
747 441 1215 526 praedixeratZeraduscht3
1231 449 1349 508 erant

145 565 212 627 que
230 565 307 609 cum
323 546 409 628 ipsis
426 565 580 628 munera,
598 566 720 611 aurum
736 546 817 612 thus
837 551 872 610 et
887 545 1038 630 myrrha3
1060 552 1095 610 et
1110 546 1353 612 adoraverunt

145 668 223 712 eum
249 668 380 730 suaque
413 649 480 729 ipsi
506 669 650 713 munera
680 648 894 714 obtulerunt.
941 647 1040 713 Tunc
1065 647 1207 714 domina
1230 648 1349 713 Maria

146 752 270 815 sumsit
291 772 395 815 unam
421 772 462 815 ex
487 751 557 815 illis
580 751 700 815 fasciis
724 771 869 833 eamque
890 770 953 834 pro
977 771 1081 833 opum
1104 749 1246 816 modulo
1274 750 1348 815 illis

144 853 306 936 tradidit,
329 874 431 937 quam
451 854 519 937 ipsi
536 853 889 919 honorificentissime
907 852 949 918 ab
967 873 1009 918 ea
1024 860 1247 938 acceperuut.
1280 852 1351 918 Ea·

145 956 292 1040 demque
304 956 391 1022 hora
406 957 569 1040 apparuit
584 956 656 1022 illis
672 957 819 1041 angelus
834 957 872 1021 in
883 955 995 1022 forma
1005 956 1127 1022 stellae
1145 957 1243 1023 illius
1255 976 1349 1040 quae

145 1066 250 1124 antea
260 1058 329 1124 dux
345 1059 483 1125 itineris
500 1060 587 1143 ipsis
598 1058 728 1139 fuerat3
746 1061 846 1125 cuius
863 1060 953 1125 lucis
965 1059 1108 1126 ductum
1121 1062 1233 1126 secuti
1252 1060 1355 1125 abie-

145 1167 237 1243 runt,
255 1161 366 1227 donec
383 1163 530 1246 patriam
547 1183 643 1228 suam
660 1163 864 1246 attigerunt.

620 1383 741 1450 Carus
764 1384 867 1453 VIII.

231 1553 479 1621 Convenerunt
495 1561 611 1621 autem
630 1556 674 1621 ad
690 1557 771 1622 illos
788 1577 888 1640 reges
910 1563 945 1622 et
960 1557 1138 1640 principes
1156 1578 1279 1624 eorum
1297 1576 1358 1622 ro-

144 1664 266 1742 gantes
284 1659 492 1742 ecquidnam
507 1659 678 1725 vidissent
693 1665 755 1725 aut
771 1661 936 1744 egissent,
954 1660 1126 1742 quomodo
1143 1661 1294 1726 ivissent
1310 1680 1354 1726 ac

144 1761 348 1843 rediissent,
372 1762 456 1844 quid
473 1782 590 1828 secum
606 1763 819 1828 attulissent.
849 1761 899 1826 Hi
915 1783 995 1828 vero
1012 1769 1256 1830 monstrarunt
1275 1763 1353 1828 illis

144 1863 289 1929 fasciam
319 1865 435 1947 istam,
465 1886 568 1949 quam
593 1865 734 1931 domina
758 1864 873 1930 Maria
905 1866 992 1949 ipsis
1021 1866 1231 1932 tradiderat:
1266 1888 1357 1950 qua·

144 1974 290 2051 propter
305 1967 528 2034 celebrarunt
544 1967 687 2050 festum,
709 1968 895 2052 ignemque
916 1989 979 2050 pro
1000 1989 1094 2034 more
1117 1990 1180 2036 suo
1203 1990 1354 2036 succen-

146 2069 273 2135 derunt
290 2091 438 2154 eumque
455 2070 697 2152 adoraverunt,
715 2077 750 2136 et
765 2070 909 2135 fasciam
926 2069 1023 2136 illam
1039 2071 1075 2135 in
1093 2092 1171 2137 eum
1188 2072 1354 2138 coniece-

144 2180 241 2256 runt,
269 2174 507 2258 corripuitque
530 2195 606 2239 eam
626 2174 718 2257 ignis
741 2180 776 2239 et
800 2174 835 2238 iu
858 2194 935 2239 sese
956 2174 1233 2258 comprehendit.
1282 2175 1353 2241 Ex·

145 2277 274 2341 stincto
297 2281 414 2342 autem
436 2277 516 2361 igne
538 2276 683 2342 fasciam
699 2281 926 2342 extraxerunt
940 2275 1047 2343 talem
1064 2278 1178 2362 qualis
1195 2279 1351 2362 primum

144 2382 271 2463 fuerat,
289 2402 328 2447 ac
346 2383 375 2447 si
392 2383 483 2465 ignis
502 2403 576 2447 eam
592 2403 662 2448 non
679 2383 866 2466 attigisset.
896 2381 1022 2466 Itaque
1041 2387 1235 2465 coeperunt
1250 2381 1360 2447 illam

145 2485 296 2552 osculari
315 2484 559 2568 capitibusque
577 2485 649 2550 suis
667 2490 702 2549 et
717 2483 829 2549 oculis
845 2485 1036 2567 imponere,
1053 2484 1229 2549 dicentes:
1246 2483 1384 2558 Haec:

144 2609 227 2653 sane
250 2586 451 2652 indubitata
471 2592 525 2652 est
540 2589 682 2653 veritas:
704 2589 827 2670 utique
848 2597 1045 2671 magnares
1067 2588 1232 2671 estquod
1255 2589 1362 2672 ignis

144 2691 347 2757 comburere
370 2689 465 2754 illam
488 2697 549 2755 aut
568 2691 715 2774 perdere
737 2691 904 2773 nequivit.
935 2690 1024 2755 Inde
1048 2698 1250 2757 sumserunt
1272 2712 1359 2765 earn

143 2801 178 2860 et
194 2793 341 2859 maximo
359 2812 436 2857 cum
452 2795 584 2860 honore
601 2795 638 2858 in
654 2793 829 2858 thesauris
849 2793 922 2859 suis
939 2798 1183 2877 reposuerunt.

637 3013 757 3081 Carus
781 3013 848 3079 IX.

226 3186 389 3254 Herodes
412 3193 527 3252 autem
545 3207 622 3252 cum
637 3187 784 3252 vidisset
799 3207 918 3269 magos
935 3168 972 3250 se
990 3185 1195 3252 destituisse
1213 3209 1280 3252 nec
1301 3191 1342 3258 ed

141 3311 178 3357 se
200 3292 399 3372 revertisse,
426 3291 609 3355 accersivit
631 3289 830 3355 sacerdotes
852 3296 888 3354 et
908 3290 1085 3372 sapientes
1108 3294 1145 3354 et
1164 3288 1255 3355 dixit
1277 3291 1342 3361 eis:

140 3392 277 3460 Docete
298 3415 351 3460 me
372 3394 433 3459 ubi
453 3393 653 3458 nasciturus
678 3393 725 3458 sit
741 3390 912 3458 Christus.
945 3390 1102 3475 Cumque
1125 3391 1178 3456 illi
1201 3413 1344 3477 respon-

141 3497 292 3562 dissent:
315 3495 538 3562 Bethlehemi
548 3493 712 3576 Iudaeae,
731 3495 848 3578 coepit
864 3494 1017 3577 cogitare
1036 3493 1078 3558 de
1090 3493 1197 3559 caede
1209 3495 1343 3565 domini

140 3598 222 3665 Iesu
235 3598 378 3666 Christi.
402 3599 501 3664 Tunc
517 3599 682 3683 apparuit
694 3598 839 3682 angelus
851 3598 982 3664 domini
992 3596 1144 3681 Iosepho
1161 3599 1345 3669 insomnis

141 3702 314 3786 dixitque:
346 3700 469 3786 Surge,
491 3723 587 3767 sume
605 3722 751 3785 puerum
768 3707 804 3766 et
819 3706 963 3766 matrem
980 3702 1055 3766 eius
1074 3707 1109 3766 et
1124 3700 1183 3766 abi
1199 3702 1236 3766 in
1253 3701 1345 3788 Egy-

138 3812 246 3888 ptum.
284 3802 444 3870 Surrexit
458 3804 568 3888 igitur
583 3803 647 3869 sub
665 3802 905 3887 gallicantum
923 3809 957 3868 et
972 3804 1152 3887 profectus
1170 3810 1234 3870 est.

208 3997 267 4046 VII.
286 3998 456 4047 Zerodurelrt:
471 3998 512 4047 ito
523 3997 580 4056 s1.;
594 3997 650 4047 sik.
663 4003 692 4047 at
704 3996 775 4047 Thil.
790 3997 957 4048 ΖοναάαιυΜ.

205 4098 256 4145 pro
268 4098 342 4147 opum
354 4082 471 4133 modulor
483 4083 522 4132 its
535 4082 589 4142 r1.;
604 4081 660 4131 Sik.
673 4087 702 4132 et
713 4082 784 4132 Thil.
798 4082 853 4132 leco
866 4082 1044 4132 condictionis

207 4167 281 4217 VIII.
300 4169 361 4233 quid
373 4184 455 4217 secam
467 4168 629 4217 attulissent:
642 4168 682 4218 ita
694 4168 750 4228 Fl.;
768 4167 824 4217 sik.
838 4175 867 4218 et
879 4168 950 4217 'l'hil-
963 4184 1026 4233 quoe
1037 4169 1139 4218 tandem
1151 4170 1255 4220 itineris
1267 4175 1342 4222 corni·

137 4257 175 4303 ter
185 4254 331 4304 Ichar'mnt

205 4339 250 4388 lx.
269 4356 324 4388 eam
335 4338 440 4389 ridant
451 4354 539 4402 magos
555 4341 635 4403 iJrram
647 4340 791 4389 ainaim
803 4357 847 4388 aec
865 4340 900 4389 ad
918 4356 971 4390 sere
988 4340 1137 4389 revertisse:
1155 4341 1196 4391 its
1208 4342 1264 4402 ΡΜ
1282 4342 1339 4395 sik.

136 4430 166 4475 ot
177 4425 248 4476 Thil.
260 4424 349 4476 videus
360 4439 447 4489 magos
458 4425 575 4474 comari
585 4441 631 4475 nec
643 4425 677 4473 cd
688 4441 742 4475 rere
753 4425 849 4474 reuerti
