<?xml version="1.0" encoding="UTF-8"?>
<!DOCTYPE html PUBLIC "-//W3C//DTD XHTML 1.0 Transitional//EN"
    "http://www.w3.org/TR/xhtml1/DTD/xhtml1-transitional.dtd">
<html xmlns="http://www.w3.org/1999/xhtml" xml:lang="en" lang="en">
 <head>
  <title>
</title>
<meta http-equiv="Content-Type" content="text/html;charset=utf-8" />
  <meta name='ocr-system' content='tesseract 3.04.00' />
  <meta name='ocr-capabilities' content='ocr_page ocr_carea ocr_par ocr_line ocrx_word'/>
</head>
<body>
  <div class='ocr_page' id='page_1' title='image "./evangeliaapocry00tiscgoog_0297.png"; bbox 0 0 2962 4912; ppageno 0'>
   <div class='ocr_carea' id='block_1_1' title="bbox 149 246 1149 351">
    <p class='ocr_par' dir='ltr' id='par_1_1' title="bbox 149 246 1149 351">
     <span class='ocr_line' id='line_1_1' title="bbox 149 246 1149 351; baseline -0.007 -7"><span class='ocrx_word' id='word_1_1' title='bbox 149 287 208 351; x_wconf 85' lang='grc'><strong>198</strong></span> <span class='ocrx_word' id='word_1_2' title='bbox 343 288 575 341; x_wconf 76' lang='lat' dir='ltr'><strong>nvauoumuu</strong></span> <span class='ocrx_word' id='word_1_3' title='bbox 593 246 788 339; x_wconf 66' lang='lat' dir='ltr'><strong>luceamus</strong></span> <span class='ocrx_word' id='word_1_4' title='bbox 807 287 996 339; x_wconf 71' lang='lat' dir='ltr'><strong>cadurcum.</strong></span> <span class='ocrx_word' id='word_1_5' title='bbox 1023 288 1149 340; x_wconf 82' lang='lat' dir='ltr'><strong>xxxm.</strong></span> 
     </span>
    </p>
   </div>
   <div class='ocr_carea' id='block_1_2' title="bbox 145 437 1354 1349">
    <p class='ocr_par' dir='ltr' id='par_1_2' title="bbox 145 437 1354 1349">
     <span class='ocr_line' id='line_1_2' title="bbox 148 437 1351 524; baseline 0.001 -19"><span class='ocrx_word' id='word_1_6' title='bbox 148 442 217 524; x_wconf 88' lang='lat' dir='ltr'><strong>ipsi</strong></span> <span class='ocrx_word' id='word_1_7' title='bbox 238 444 487 505; x_wconf 87' lang='lat' dir='ltr'><strong>monstrarunt.</strong></span> <span class='ocrx_word' id='word_1_8' title='bbox 527 437 628 503; x_wconf 81' lang='lat' dir='ltr'><strong>Dixit</strong></span> <span class='ocrx_word' id='word_1_9' title='bbox 648 460 729 522; x_wconf 87' lang='lat' dir='ltr'><strong>ergo</strong></span> <span class='ocrx_word' id='word_1_10' title='bbox 752 438 836 504; x_wconf 92' lang='lat' dir='ltr'><strong>hera</strong></span> <span class='ocrx_word' id='word_1_11' title='bbox 857 438 985 504; x_wconf 87' lang='lat' dir='ltr'><strong>Maria:</strong></span> <span class='ocrx_word' id='word_1_12' title='bbox 1021 438 1271 506; x_wconf 81' lang='lat' dir='ltr'><strong>Misericordia</strong></span> <span class='ocrx_word' id='word_1_13' title='bbox 1291 439 1351 506; x_wconf 93' lang='lat' dir='ltr'><strong>do-</strong></span> 
     </span>
     <span class='ocr_line' id='line_1_3' title="bbox 148 539 1350 625; baseline 0 -17"><span class='ocrx_word' id='word_1_14' title='bbox 148 543 232 608; x_wconf 92' lang='lat' dir='ltr'><strong>miui</strong></span> <span class='ocrx_word' id='word_1_15' title='bbox 253 543 336 608; x_wconf 89' lang='lat' dir='ltr'><strong>Iesu</strong></span> <span class='ocrx_word' id='word_1_16' title='bbox 359 539 491 606; x_wconf 80' lang='lat' dir='ltr'><strong>Christi</strong></span> <span class='ocrx_word' id='word_1_17' title='bbox 514 539 707 605; x_wconf 83' lang='lat' dir='ltr'>descendat</span> <span class='ocrx_word' id='word_1_18' title='bbox 727 561 833 622; x_wconf 90' lang='lat' dir='ltr'><strong>super</strong></span> <span class='ocrx_word' id='word_1_19' title='bbox 853 562 928 606; x_wconf 90' lang='lat' dir='ltr'><strong>vos:</strong></span> <span class='ocrx_word' id='word_1_20' title='bbox 956 547 991 605; x_wconf 90' lang='lat' dir='ltr'><strong>et</strong></span> <span class='ocrx_word' id='word_1_21' title='bbox 1015 542 1211 624; x_wconf 81' lang='lat' dir='ltr'>paullulum</span> <span class='ocrx_word' id='word_1_22' title='bbox 1237 562 1350 625; x_wconf 93' lang='lat' dir='ltr'><strong>aquae</strong></span> 
     </span>
     <span class='ocr_line' id='line_1_4' title="bbox 148 643 1351 731; baseline 0.002 -21"><span class='ocrx_word' id='word_1_23' title='bbox 148 648 234 728; x_wconf 89' lang='lat' dir='ltr'><strong>eius,</strong></span> <span class='ocrx_word' id='word_1_24' title='bbox 253 667 321 728; x_wconf 91' lang='lat' dir='ltr'><strong>qua</strong></span> <span class='ocrx_word' id='word_1_25' title='bbox 337 667 463 730; x_wconf 88' lang='lat' dir='ltr'><strong>corpus</strong></span> <span class='ocrx_word' id='word_1_26' title='bbox 480 645 563 710; x_wconf 88' lang='lat' dir='ltr'><strong>Iesu</strong></span> <span class='ocrx_word' id='word_1_27' title='bbox 581 643 712 710; x_wconf 80' lang='lat' dir='ltr'><strong>Christi</strong></span> <span class='ocrx_word' id='word_1_28' title='bbox 729 645 899 726; x_wconf 89' lang='lat' dir='ltr'><strong>abluerat,</strong></span> <span class='ocrx_word' id='word_1_29' title='bbox 916 645 988 710; x_wconf 92' lang='lat' dir='ltr'><strong>illis</strong></span> <span class='ocrx_word' id='word_1_30' title='bbox 1009 668 1147 731; x_wconf 92' lang='lat' dir='ltr'><strong>quoque</strong></span> <span class='ocrx_word' id='word_1_31' title='bbox 1164 647 1351 730; x_wconf 84' lang='lat' dir='ltr'><strong>porrigens</strong></span> 
     </span>
     <span class='ocr_line' id='line_1_5' title="bbox 147 746 1353 833; baseline 0.002 -19"><span class='ocrx_word' id='word_1_32' title='bbox 147 749 211 814; x_wconf 90' lang='lat' dir='ltr'><strong>hac</strong></span> <span class='ocrx_word' id='word_1_33' title='bbox 227 751 389 815; x_wconf 87' lang='lat' dir='ltr'><strong>miseram</strong></span> <span class='ocrx_word' id='word_1_34' title='bbox 409 748 517 813; x_wconf 85' lang='lat' dir='ltr'><strong>lavari</strong></span> <span class='ocrx_word' id='word_1_35' title='bbox 538 749 651 814; x_wconf 90' lang='lat' dir='ltr'><strong>iussit.</strong></span> <span class='ocrx_word' id='word_1_36' title='bbox 684 746 787 831; x_wconf 80' lang='lat' dir='ltr'><strong>Quod</strong></span> <span class='ocrx_word' id='word_1_37' title='bbox 805 770 881 814; x_wconf 90' lang='lat' dir='ltr'><strong>cum</strong></span> <span class='ocrx_word' id='word_1_38' title='bbox 898 749 1081 831; x_wconf 84' lang='lat' dir='ltr'><strong>fecissent,</strong></span> <span class='ocrx_word' id='word_1_39' title='bbox 1106 749 1282 833; x_wconf 84' lang='lat' dir='ltr'><strong>extemplo</strong></span> <span class='ocrx_word' id='word_1_40' title='bbox 1300 771 1353 816; x_wconf 90' lang='lat' dir='ltr'><strong>sa·</strong></span> 
     </span>
     <span class='ocr_line' id='line_1_6' title="bbox 147 843 1352 937; baseline -0.001 -18"><span class='ocrx_word' id='word_1_41' title='bbox 147 860 227 919; x_wconf 88' lang='lat' dir='ltr'><strong>nata</strong></span> <span class='ocrx_word' id='word_1_42' title='bbox 244 859 307 935; x_wconf 91' lang='lat' dir='ltr'><strong>est,</strong></span> <span class='ocrx_word' id='word_1_43' title='bbox 325 843 462 937; x_wconf 87' lang='lat' dir='ltr'><strong>ipsique</strong></span> <span class='ocrx_word' id='word_1_44' title='bbox 481 860 516 918; x_wconf 91' lang='lat' dir='ltr'><strong>et</strong></span> <span class='ocrx_word' id='word_1_45' title='bbox 532 874 650 918; x_wconf 93' lang='lat' dir='ltr'><strong>omnes</strong></span> <span class='ocrx_word' id='word_1_46' title='bbox 667 851 847 917; x_wconf 79' lang='lat' dir='ltr'><strong>adstantes</strong></span> <span class='ocrx_word' id='word_1_47' title='bbox 860 851 962 918; x_wconf 93' lang='lat' dir='ltr'><strong>deum</strong></span> <span class='ocrx_word' id='word_1_48' title='bbox 978 853 1219 919; x_wconf 89' lang='lat' dir='ltr'><strong>laudaverunt.</strong></span> <span class='ocrx_word' id='word_1_49' title='bbox 1245 852 1352 918; x_wconf 88' lang='lat' dir='ltr'><strong>Laeti</strong></span> 
     </span>
     <span class='ocr_line' id='line_1_7' title="bbox 147 954 1354 1040; baseline -0.001 -19"><span class='ocrx_word' id='word_1_50' title='bbox 147 977 228 1040; x_wconf 87' lang='lat' dir='ltr'><strong>ergo</strong></span> <span class='ocrx_word' id='word_1_51' title='bbox 249 958 285 1021; x_wconf 90' lang='lat' dir='ltr'><strong>in</strong></span> <span class='ocrx_word' id='word_1_52' title='bbox 303 956 423 1021; x_wconf 88' lang='lat' dir='ltr'><strong>urbem</strong></span> <span class='ocrx_word' id='word_1_53' title='bbox 441 977 538 1021; x_wconf 90' lang='lat' dir='ltr'><strong>suam</strong></span> <span class='ocrx_word' id='word_1_54' title='bbox 554 962 787 1037; x_wconf 86' lang='lat' dir='ltr'><strong>reverterunt,</strong></span> <span class='ocrx_word' id='word_1_55' title='bbox 810 955 987 1020; x_wconf 91' lang='lat' dir='ltr'><strong>dominum</strong></span> <span class='ocrx_word' id='word_1_56' title='bbox 1002 963 1189 1040; x_wconf 90' lang='lat' dir='ltr'><strong>propterea</strong></span> <span class='ocrx_word' id='word_1_57' title='bbox 1205 954 1354 1021; x_wconf 89' lang='lat' dir='ltr'><strong>laudau-</strong></span> 
     </span>
     <span class='ocr_line' id='line_1_8' title="bbox 145 1045 1352 1142; baseline -0.002 -17"><span class='ocrx_word' id='word_1_58' title='bbox 145 1067 208 1125; x_wconf 93' lang='lat' dir='ltr'><strong>tes.</strong></span> <span class='ocrx_word' id='word_1_59' title='bbox 241 1058 328 1125; x_wconf 90' lang='lat' dir='ltr'><strong>Cum</strong></span> <span class='ocrx_word' id='word_1_60' title='bbox 343 1081 423 1125; x_wconf 87' lang='lat' dir='ltr'><strong>vero</strong></span> <span class='ocrx_word' id='word_1_61' title='bbox 440 1060 603 1142; x_wconf 86' lang='lat' dir='ltr'><strong>princeps</strong></span> <span class='ocrx_word' id='word_1_62' title='bbox 624 1045 782 1123; x_wconf 87' lang='lat' dir='ltr'><strong>audisset</strong></span> <span class='ocrx_word' id='word_1_63' title='bbox 799 1065 955 1123; x_wconf 89' lang='lat' dir='ltr'><strong>sanatam</strong></span> <span class='ocrx_word' id='word_1_64' title='bbox 978 1081 1054 1124; x_wconf 89' lang='lat' dir='ltr'><strong>esse</strong></span> <span class='ocrx_word' id='word_1_65' title='bbox 1076 1079 1220 1124; x_wconf 85' lang='lat' dir='ltr'><strong>uxorem</strong></span> <span class='ocrx_word' id='word_1_66' title='bbox 1239 1079 1352 1138; x_wconf 92' lang='lat' dir='ltr'><strong>suam,</strong></span> 
     </span>
     <span class='ocr_line' id='line_1_9' title="bbox 147 1161 1354 1246; baseline -0.002 -18"><span class='ocrx_word' id='word_1_67' title='bbox 147 1184 188 1228; x_wconf 91' lang='lat' dir='ltr'><strong>ea</strong></span> <span class='ocrx_word' id='word_1_68' title='bbox 209 1164 245 1228; x_wconf 91' lang='lat' dir='ltr'><strong>in</strong></span> <span class='ocrx_word' id='word_1_69' title='bbox 264 1163 402 1227; x_wconf 90' lang='lat' dir='ltr'><strong>domum</strong></span> <span class='ocrx_word' id='word_1_70' title='bbox 420 1183 516 1228; x_wconf 88' lang='lat' dir='ltr'><strong>suam</strong></span> <span class='ocrx_word' id='word_1_71' title='bbox 534 1168 676 1245; x_wconf 87' lang='lat' dir='ltr'><strong>recepta</strong></span> <span class='ocrx_word' id='word_1_72' title='bbox 692 1161 864 1226; x_wconf 90' lang='lat' dir='ltr'><strong>secundas</strong></span> <span class='ocrx_word' id='word_1_73' title='bbox 882 1164 1021 1245; x_wconf 88' lang='lat' dir='ltr'><strong>nuptias</strong></span> <span class='ocrx_word' id='word_1_74' title='bbox 1040 1163 1138 1245; x_wconf 86' lang='lat' dir='ltr'><strong>fecit,</strong></span> <span class='ocrx_word' id='word_1_75' title='bbox 1162 1169 1197 1228; x_wconf 93' lang='lat' dir='ltr'><strong>et</strong></span> <span class='ocrx_word' id='word_1_76' title='bbox 1218 1183 1283 1246; x_wconf 92' lang='lat' dir='ltr'><strong>pro</strong></span> <span class='ocrx_word' id='word_1_77' title='bbox 1301 1182 1354 1227; x_wconf 91' lang='lat' dir='ltr'><strong>re·</strong></span> 
     </span>
     <span class='ocr_line' id='line_1_10' title="bbox 147 1264 932 1349; baseline -0.004 -18"><span class='ocrx_word' id='word_1_78' title='bbox 147 1272 314 1349; x_wconf 86' lang='lat' dir='ltr'><strong>cuperata</strong></span> <span class='ocrx_word' id='word_1_79' title='bbox 330 1267 447 1331; x_wconf 84' lang='lat' dir='ltr'><strong>uxoris</strong></span> <span class='ocrx_word' id='word_1_80' title='bbox 465 1267 615 1330; x_wconf 87' lang='lat' dir='ltr'><strong>sanitate</strong></span> <span class='ocrx_word' id='word_1_81' title='bbox 633 1270 749 1349; x_wconf 87' lang='lat' dir='ltr'><strong>grates</strong></span> <span class='ocrx_word' id='word_1_82' title='bbox 767 1264 832 1329; x_wconf 90' lang='lat' dir='ltr'><strong>deo</strong></span> <span class='ocrx_word' id='word_1_83' title='bbox 851 1265 932 1348; x_wconf 84' lang='lat' dir='ltr'><strong>egit.</strong></span> 
     </span>
    </p>
   </div>
   <div class='ocr_carea' id='block_1_3' title="bbox 580 1469 911 1535">
    <p class='ocr_par' dir='ltr' id='par_1_3' title="bbox 580 1469 911 1535">
     <span class='ocr_line' id='line_1_11' title="bbox 580 1469 911 1535; baseline 0 -1"><span class='ocrx_word' id='word_1_84' title='bbox 580 1469 701 1535; x_wconf 75' lang='lat' dir='ltr'><strong>Carus</strong></span> <span class='ocrx_word' id='word_1_85' title='bbox 724 1469 911 1535; x_wconf 90' lang='lat' dir='ltr'>XXXIII.</span> 
     </span>
    </p>
   </div>
   <div class='ocr_carea' id='block_1_4' title="bbox 68 1606 1387 4159">
    <p class='ocr_par' dir='ltr' id='par_1_4' title="bbox 68 1606 1387 4159">
     <span class='ocr_line' id='line_1_12' title="bbox 230 1606 1357 1692; baseline -0.002 -18"><span class='ocrx_word' id='word_1_86' title='bbox 230 1609 318 1674; x_wconf 82' lang='lat' dir='ltr'><strong>Erat</strong></span> <span class='ocrx_word' id='word_1_87' title='bbox 338 1628 476 1692; x_wconf 91' lang='lat' dir='ltr'><strong>quoque</strong></span> <span class='ocrx_word' id='word_1_88' title='bbox 500 1607 548 1671; x_wconf 90' lang='lat' dir='ltr'><strong>ibi</strong></span> <span class='ocrx_word' id='word_1_89' title='bbox 570 1606 850 1690; x_wconf 90' lang='lat' dir='ltr'><strong>adolescentula,</strong></span> <span class='ocrx_word' id='word_1_90' title='bbox 878 1629 966 1690; x_wconf 93' lang='lat' dir='ltr'><strong>quae</strong></span> <span class='ocrx_word' id='word_1_91' title='bbox 989 1628 1009 1672; x_wconf 91' lang='lat' dir='ltr'><strong>a</strong></span> <span class='ocrx_word' id='word_1_92' title='bbox 1030 1614 1152 1673; x_wconf 88' lang='lat' dir='ltr'><strong>satana</strong></span> <span class='ocrx_word' id='word_1_93' title='bbox 1173 1607 1357 1691; x_wconf 87' lang='lat' dir='ltr'><strong>affligeba-</strong></span> 
     </span>
     <span class='ocr_line' id='line_1_13' title="bbox 145 1708 1368 1793; baseline 0.001 -17"><span class='ocrx_word' id='word_1_94' title='bbox 145 1718 217 1776; x_wconf 88' lang='lat' dir='ltr'><strong>tur:</strong></span> <span class='ocrx_word' id='word_1_95' title='bbox 234 1711 441 1776; x_wconf 91' lang='lat' dir='ltr'><strong>maledictus</strong></span> <span class='ocrx_word' id='word_1_96' title='bbox 459 1710 550 1774; x_wconf 90' lang='lat' dir='ltr'><strong>euim</strong></span> <span class='ocrx_word' id='word_1_97' title='bbox 568 1708 628 1774; x_wconf 89' lang='lat' dir='ltr'><strong>ille</strong></span> <span class='ocrx_word' id='word_1_98' title='bbox 646 1709 757 1774; x_wconf 85' lang='lat' dir='ltr'><strong>forma</strong></span> <span class='ocrx_word' id='word_1_99' title='bbox 773 1710 927 1793; x_wconf 87' lang='lat' dir='ltr'><strong>ingentis</strong></span> <span class='ocrx_word' id='word_1_100' title='bbox 946 1710 1107 1775; x_wconf 90' lang='lat' dir='ltr'><strong>draconis</strong></span> <span class='ocrx_word' id='word_1_101' title='bbox 1125 1710 1281 1776; x_wconf 89' lang='lat' dir='ltr'><strong>subinde</strong></span> <span class='ocrx_word' id='word_1_102' title='bbox 1301 1709 1368 1777; x_wconf 79' lang='lat' dir='ltr'><strong>illi</strong></span> 
     </span>
     <span class='ocr_line' id='line_1_14' title="bbox 145 1811 1361 1898; baseline -0.003 -18"><span class='ocrx_word' id='word_1_103' title='bbox 145 1814 337 1898; x_wconf 86' lang='lat' dir='ltr'><strong>apparebat</strong></span> <span class='ocrx_word' id='word_1_104' title='bbox 366 1834 510 1896; x_wconf 90' lang='lat' dir='ltr'><strong>eamque</strong></span> <span class='ocrx_word' id='word_1_105' title='bbox 537 1811 711 1895; x_wconf 86' lang='lat' dir='ltr'><strong>deglutire</strong></span> <span class='ocrx_word' id='word_1_106' title='bbox 745 1812 906 1895; x_wconf 84' lang='lat' dir='ltr'><strong>parabat3</strong></span> <span class='ocrx_word' id='word_1_107' title='bbox 939 1834 1074 1877; x_wconf 89' lang='lat' dir='ltr'><strong>omnem</strong></span> <span class='ocrx_word' id='word_1_108' title='bbox 1100 1834 1243 1897; x_wconf 91' lang='lat' dir='ltr'><strong>quoque</strong></span> <span class='ocrx_word' id='word_1_109' title='bbox 1277 1813 1361 1877; x_wconf 79' lang='lat' dir='ltr'><strong>eius</strong></span> 
     </span>
     <span class='ocr_line' id='line_1_15' title="bbox 145 1914 1363 2002; baseline -0.002 -20"><span class='ocrx_word' id='word_1_110' title='bbox 145 1918 350 2002; x_wconf 89' lang='lat' dir='ltr'><strong>sanguinem</strong></span> <span class='ocrx_word' id='word_1_111' title='bbox 362 1914 563 1999; x_wconf 84' lang='lat' dir='ltr'><strong>exsugebat,</strong></span> <span class='ocrx_word' id='word_1_112' title='bbox 580 1914 631 1979; x_wconf 92' lang='lat' dir='ltr'><strong>ita</strong></span> <span class='ocrx_word' id='word_1_113' title='bbox 646 1921 686 1979; x_wconf 91' lang='lat' dir='ltr'><strong>ut</strong></span> <span class='ocrx_word' id='word_1_114' title='bbox 699 1915 859 1980; x_wconf 84' lang='lat' dir='ltr'><strong>cadaveri</strong></span> <span class='ocrx_word' id='word_1_115' title='bbox 871 1916 995 1981; x_wconf 88' lang='lat' dir='ltr'><strong>similis</strong></span> <span class='ocrx_word' id='word_1_116' title='bbox 1006 1922 1212 1980; x_wconf 89' lang='lat' dir='ltr'><strong>remaneret.</strong></span> <span class='ocrx_word' id='word_1_117' title='bbox 1238 1914 1363 1999; x_wconf 89' lang='lat' dir='ltr'><strong>Haec,</strong></span> 
     </span>
     <span class='ocr_line' id='line_1_16' title="bbox 146 2017 1354 2104; baseline 0.001 -19"><span class='ocrx_word' id='word_1_118' title='bbox 146 2021 435 2104; x_wconf 85' lang='lat' dir='ltr'><strong>quotiescumque</strong></span> <span class='ocrx_word' id='word_1_119' title='bbox 448 2018 491 2083; x_wconf 90' lang='lat' dir='ltr'><strong>ad</strong></span> <span class='ocrx_word' id='word_1_120' title='bbox 503 2039 578 2083; x_wconf 89' lang='lat' dir='ltr'><strong>eam</strong></span> <span class='ocrx_word' id='word_1_121' title='bbox 589 2017 789 2099; x_wconf 80' lang='lat' dir='ltr'><strong>accedebat,</strong></span> <span class='ocrx_word' id='word_1_122' title='bbox 808 2018 968 2084; x_wconf 91' lang='lat' dir='ltr'><strong>manibus</strong></span> <span class='ocrx_word' id='word_1_123' title='bbox 980 2040 1086 2102; x_wconf 88' lang='lat' dir='ltr'><strong>super</strong></span> <span class='ocrx_word' id='word_1_124' title='bbox 1096 2025 1203 2101; x_wconf 86' lang='lat' dir='ltr'><strong>caput</strong></span> <span class='ocrx_word' id='word_1_125' title='bbox 1218 2018 1354 2087; x_wconf 89' lang='lat' dir='ltr'><strong>iunctis</strong></span> 
     </span>
     <span class='ocr_line' id='line_1_17' title="bbox 143 2120 1352 2205; baseline 0.002 -18"><span class='ocrx_word' id='word_1_126' title='bbox 143 2122 401 2189; x_wconf 79' lang='lat' dir='ltr'><strong>vociferabatur</strong></span> <span class='ocrx_word' id='word_1_127' title='bbox 417 2127 452 2186; x_wconf 89' lang='lat' dir='ltr'><strong>et</strong></span> <span class='ocrx_word' id='word_1_128' title='bbox 468 2121 622 2186; x_wconf 87' lang='lat' dir='ltr'><strong>dicebat:</strong></span> <span class='ocrx_word' id='word_1_129' title='bbox 646 2120 731 2202; x_wconf 85' lang='lat' dir='ltr'><strong>Vae,</strong></span> <span class='ocrx_word' id='word_1_130' title='bbox 748 2142 808 2186; x_wconf 87' lang='lat' dir='ltr'><strong>vae</strong></span> <span class='ocrx_word' id='word_1_131' title='bbox 826 2121 922 2204; x_wconf 93' lang='lat' dir='ltr'><strong>mihi,</strong></span> <span class='ocrx_word' id='word_1_132' title='bbox 940 2121 1033 2205; x_wconf 90' lang='lat' dir='ltr'><strong>quod</strong></span> <span class='ocrx_word' id='word_1_133' title='bbox 1050 2142 1151 2186; x_wconf 89' lang='lat' dir='ltr'><strong>nemo</strong></span> <span class='ocrx_word' id='word_1_134' title='bbox 1167 2120 1276 2186; x_wconf 90' lang='lat' dir='ltr'><strong>adest</strong></span> <span class='ocrx_word' id='word_1_135' title='bbox 1293 2125 1352 2204; x_wconf 87' lang='lat' dir='ltr'><strong>qui</strong></span> 
     </span>
     <span class='ocr_line' id='line_1_18' title="bbox 142 2223 1346 2310; baseline 0.001 -19"><span class='ocrx_word' id='word_1_136' title='bbox 142 2227 329 2310; x_wconf 88' lang='lat' dir='ltr'><strong>apessimo</strong></span> <span class='ocrx_word' id='word_1_137' title='bbox 349 2227 417 2290; x_wconf 90' lang='lat' dir='ltr'><strong>isto</strong></span> <span class='ocrx_word' id='word_1_138' title='bbox 435 2224 585 2289; x_wconf 88' lang='lat' dir='ltr'><strong>dracone</strong></span> <span class='ocrx_word' id='word_1_139' title='bbox 602 2245 655 2288; x_wconf 89' lang='lat' dir='ltr'><strong>me</strong></span> <span class='ocrx_word' id='word_1_140' title='bbox 673 2223 809 2289; x_wconf 91' lang='lat' dir='ltr'><strong>liberet.</strong></span> <span class='ocrx_word' id='word_1_141' title='bbox 833 2224 941 2289; x_wconf 90' lang='lat' dir='ltr'><strong>Pater</strong></span> <span class='ocrx_word' id='word_1_142' title='bbox 956 2230 1072 2288; x_wconf 92' lang='lat' dir='ltr'><strong>autem</strong></span> <span class='ocrx_word' id='word_1_143' title='bbox 1089 2229 1125 2289; x_wconf 91' lang='lat' dir='ltr'><strong>et</strong></span> <span class='ocrx_word' id='word_1_144' title='bbox 1141 2231 1257 2288; x_wconf 88' lang='lat' dir='ltr'><strong>mater</strong></span> <span class='ocrx_word' id='word_1_145' title='bbox 1274 2223 1346 2292; x_wconf 87' lang='lat' dir='ltr'><strong>eius</strong></span> 
     </span>
     <span class='ocr_line' id='line_1_19' title="bbox 144 2326 1347 2411; baseline 0 -16"><span class='ocrx_word' id='word_1_146' title='bbox 144 2335 308 2395; x_wconf 88' lang='lat' dir='ltr'><strong>etomnes</strong></span> <span class='ocrx_word' id='word_1_147' title='bbox 320 2328 380 2411; x_wconf 90' lang='lat' dir='ltr'><strong>qui</strong></span> <span class='ocrx_word' id='word_1_148' title='bbox 397 2328 490 2392; x_wconf 91' lang='lat' dir='ltr'><strong>circa</strong></span> <span class='ocrx_word' id='word_1_149' title='bbox 505 2327 617 2410; x_wconf 91' lang='lat' dir='ltr'><strong>ipsam</strong></span> <span class='ocrx_word' id='word_1_150' title='bbox 634 2333 735 2391; x_wconf 90' lang='lat' dir='ltr'><strong>erant</strong></span> <span class='ocrx_word' id='word_1_151' title='bbox 750 2332 811 2391; x_wconf 91' lang='lat' dir='ltr'><strong>aut</strong></span> <span class='ocrx_word' id='word_1_152' title='bbox 827 2327 937 2410; x_wconf 91' lang='lat' dir='ltr'><strong>ipsam</strong></span> <span class='ocrx_word' id='word_1_153' title='bbox 947 2326 1113 2392; x_wconf 85' lang='lat' dir='ltr'><strong>ridebant</strong></span> <span class='ocrx_word' id='word_1_154' title='bbox 1130 2327 1207 2392; x_wconf 90' lang='lat' dir='ltr'><strong>eius</strong></span> <span class='ocrx_word' id='word_1_155' title='bbox 1219 2333 1347 2396; x_wconf 90' lang='lat' dir='ltr'><strong>sortem</strong></span> 
     </span>
     <span class='ocr_line' id='line_1_20' title="bbox 143 2430 1346 2513; baseline 0.001 -16"><span class='ocrx_word' id='word_1_156' title='bbox 143 2432 323 2510; x_wconf 85' lang='lat' dir='ltr'><strong>dolebant3</strong></span> <span class='ocrx_word' id='word_1_157' title='bbox 347 2437 383 2495; x_wconf 91' lang='lat' dir='ltr'><strong>et</strong></span> <span class='ocrx_word' id='word_1_158' title='bbox 398 2430 556 2495; x_wconf 90' lang='lat' dir='ltr'><strong>homines</strong></span> <span class='ocrx_word' id='word_1_159' title='bbox 576 2431 772 2513; x_wconf 90' lang='lat' dir='ltr'><strong>promiscue</strong></span> <span class='ocrx_word' id='word_1_160' title='bbox 795 2450 869 2494; x_wconf 89' lang='lat' dir='ltr'><strong>earu</strong></span> <span class='ocrx_word' id='word_1_161' title='bbox 886 2430 1194 2496; x_wconf 88' lang='lat' dir='ltr'><strong>circumsistebant</strong></span> <span class='ocrx_word' id='word_1_162' title='bbox 1214 2451 1346 2498; x_wconf 89' lang='lat' dir='ltr'><strong>omnes·</strong></span> 
     </span>
     <span class='ocr_line' id='line_1_21' title="bbox 143 2531 1346 2619; baseline 0 -19"><span class='ocrx_word' id='word_1_163' title='bbox 143 2557 210 2619; x_wconf 90' lang='lat' dir='ltr'><strong>que</strong></span> <span class='ocrx_word' id='word_1_164' title='bbox 232 2534 364 2599; x_wconf 88' lang='lat' dir='ltr'><strong>flebant</strong></span> <span class='ocrx_word' id='word_1_165' title='bbox 386 2539 421 2598; x_wconf 91' lang='lat' dir='ltr'><strong>et</strong></span> <span class='ocrx_word' id='word_1_166' title='bbox 440 2531 738 2613; x_wconf 90' lang='lat' dir='ltr'><strong>lamentabantur,</strong></span> <span class='ocrx_word' id='word_1_167' title='bbox 764 2534 970 2616; x_wconf 89' lang='lat' dir='ltr'><strong>praesertim</strong></span> <span class='ocrx_word' id='word_1_168' title='bbox 993 2554 1070 2598; x_wconf 90' lang='lat' dir='ltr'><strong>cum</strong></span> <span class='ocrx_word' id='word_1_169' title='bbox 1092 2533 1295 2616; x_wconf 88' lang='lat' dir='ltr'><strong>ipsa·fle1·et</strong></span> <span class='ocrx_word' id='word_1_170' title='bbox 1315 2542 1346 2601; x_wconf 89' lang='lat' dir='ltr'><strong>et</strong></span> 
     </span>
     <span class='ocr_line' id='line_1_22' title="bbox 143 2635 1346 2720; baseline 0.001 -18"><span class='ocrx_word' id='word_1_171' title='bbox 143 2639 291 2702; x_wconf 89' lang='lat' dir='ltr'><strong>diceret:</strong></span> <span class='ocrx_word' id='word_1_172' title='bbox 327 2635 357 2701; x_wconf 90' lang='grc' dir='ltr'>Ο</span> <span class='ocrx_word' id='word_1_173' title='bbox 375 2635 501 2700; x_wconf 89' lang='lat' dir='ltr'><strong>fratres</strong></span> <span class='ocrx_word' id='word_1_174' title='bbox 518 2635 585 2699; x_wconf 89' lang='lat' dir='ltr'><strong>mei</strong></span> <span class='ocrx_word' id='word_1_175' title='bbox 604 2643 639 2700; x_wconf 89' lang='lat' dir='ltr'><strong>et</strong></span> <span class='ocrx_word' id='word_1_176' title='bbox 654 2635 771 2716; x_wconf 92' lang='lat' dir='ltr'><strong>amici,</strong></span> <span class='ocrx_word' id='word_1_177' title='bbox 796 2656 942 2700; x_wconf 88' lang='lat' dir='ltr'><strong>nemone</strong></span> <span class='ocrx_word' id='word_1_178' title='bbox 960 2642 1014 2701; x_wconf 89' lang='lat' dir='ltr'><strong>est</strong></span> <span class='ocrx_word' id='word_1_179' title='bbox 1031 2637 1091 2720; x_wconf 92' lang='lat' dir='ltr'><strong>qui</strong></span> <span class='ocrx_word' id='word_1_180' title='bbox 1107 2636 1150 2701; x_wconf 92' lang='lat' dir='ltr'><strong>ab</strong></span> <span class='ocrx_word' id='word_1_181' title='bbox 1169 2636 1346 2704; x_wconf 90' lang='lat' dir='ltr'><strong>homicida</strong></span> 
     </span>
     <span class='ocr_line' id='line_1_23' title="bbox 142 2736 1347 2823; baseline -0.001 -17"><span class='ocrx_word' id='word_1_182' title='bbox 142 2743 210 2806; x_wconf 90' lang='lat' dir='ltr'><strong>isto</strong></span> <span class='ocrx_word' id='word_1_183' title='bbox 228 2761 280 2804; x_wconf 91' lang='lat' dir='ltr'><strong>me</strong></span> <span class='ocrx_word' id='word_1_184' title='bbox 298 2736 447 2804; x_wconf 80' lang='lat' dir='ltr'><strong>liberet?</strong></span> <span class='ocrx_word' id='word_1_185' title='bbox 477 2737 570 2802; x_wconf 83' lang='lat' dir='ltr'><strong>Filia</strong></span> <span class='ocrx_word' id='word_1_186' title='bbox 586 2758 666 2803; x_wconf 87' lang='lat' dir='ltr'><strong>vero</strong></span> <span class='ocrx_word' id='word_1_187' title='bbox 683 2738 854 2821; x_wconf 88' lang='lat' dir='ltr'><strong>principis</strong></span> <span class='ocrx_word' id='word_1_188' title='bbox 872 2759 960 2822; x_wconf 89' lang='lat' dir='ltr'><strong>quae</strong></span> <span class='ocrx_word' id='word_1_189' title='bbox 982 2760 1003 2803; x_wconf 94' lang='lat' dir='ltr'><strong>a</strong></span> <span class='ocrx_word' id='word_1_190' title='bbox 1024 2738 1123 2823; x_wconf 92' lang='lat' dir='ltr'><strong>lepra</strong></span> <span class='ocrx_word' id='word_1_191' title='bbox 1143 2761 1208 2805; x_wconf 90' lang='lat' dir='ltr'><strong>sua</strong></span> <span class='ocrx_word' id='word_1_192' title='bbox 1224 2747 1347 2806; x_wconf 87' lang='lat' dir='ltr'><strong>sanata</strong></span> 
     </span>
     <span class='ocr_line' id='line_1_24' title="bbox 142 2841 1346 2923; baseline 0.001 -16"><span class='ocrx_word' id='word_1_193' title='bbox 142 2844 273 2922; x_wconf 86' lang='lat' dir='ltr'><strong>fuerat,</strong></span> <span class='ocrx_word' id='word_1_194' title='bbox 294 2841 441 2907; x_wconf 90' lang='lat' dir='ltr'><strong>audieus</strong></span> <span class='ocrx_word' id='word_1_195' title='bbox 458 2862 575 2905; x_wconf 88' lang='lat' dir='ltr'><strong>vocem</strong></span> <span class='ocrx_word' id='word_1_196' title='bbox 592 2841 732 2923; x_wconf 86' lang='lat' dir='ltr'><strong>puellae</strong></span> <span class='ocrx_word' id='word_1_197' title='bbox 755 2841 858 2906; x_wconf 91' lang='lat' dir='ltr'><strong>istius</strong></span> <span class='ocrx_word' id='word_1_198' title='bbox 875 2841 1061 2907; x_wconf 90' lang='lat' dir='ltr'><strong>adscendit</strong></span> <span class='ocrx_word' id='word_1_199' title='bbox 1081 2844 1117 2906; x_wconf 89' lang='lat' dir='ltr'><strong>in</strong></span> <span class='ocrx_word' id='word_1_200' title='bbox 1135 2842 1276 2908; x_wconf 91' lang='lat' dir='ltr'><strong>castelli</strong></span> <span class='ocrx_word' id='word_1_201' title='bbox 1293 2844 1346 2908; x_wconf 88' lang='lat' dir='ltr'><strong>sui</strong></span> 
     </span>
     <span class='ocr_line' id='line_1_25' title="bbox 143 2926 1347 3028; baseline 0 -17"><span class='ocrx_word' id='word_1_202' title='bbox 143 2952 274 3011; x_wconf 89' lang='lat' dir='ltr'><strong>tectum</strong></span> <span class='ocrx_word' id='word_1_203' title='bbox 298 2926 455 3026; x_wconf 79' lang='lat' dir='ltr'><strong>viditque</strong></span> <span class='ocrx_word' id='word_1_204' title='bbox 480 2943 575 3008; x_wconf 90' lang='lat' dir='ltr'><strong>illam</strong></span> <span class='ocrx_word' id='word_1_205' title='bbox 604 2944 764 3008; x_wconf 90' lang='lat' dir='ltr'><strong>manibus</strong></span> <span class='ocrx_word' id='word_1_206' title='bbox 791 2964 897 3027; x_wconf 90' lang='lat' dir='ltr'><strong>super</strong></span> <span class='ocrx_word' id='word_1_207' title='bbox 921 2951 1026 3028; x_wconf 89' lang='lat' dir='ltr'><strong>caput</strong></span> <span class='ocrx_word' id='word_1_208' title='bbox 1050 2945 1181 3010; x_wconf 88' lang='lat' dir='ltr'><strong>iunctis</strong></span> <span class='ocrx_word' id='word_1_209' title='bbox 1204 2945 1347 3011; x_wconf 90' lang='lat' dir='ltr'><strong>flentem</strong></span> 
     </span>
     <span class='ocr_line' id='line_1_26' title="bbox 144 3046 1347 3133; baseline 0 -19"><span class='ocrx_word' id='word_1_210' title='bbox 144 3068 333 3130; x_wconf 88' lang='lat' dir='ltr'><strong>omnesque</strong></span> <span class='ocrx_word' id='word_1_211' title='bbox 351 3047 651 3129; x_wconf 80' lang='lat' dir='ltr'><strong>circumstantium</strong></span> <span class='ocrx_word' id='word_1_212' title='bbox 668 3046 791 3130; x_wconf 91' lang='lat' dir='ltr'><strong>globos</strong></span> <span class='ocrx_word' id='word_1_213' title='bbox 808 3047 942 3130; x_wconf 89' lang='lat' dir='ltr'><strong>pariter</strong></span> <span class='ocrx_word' id='word_1_214' title='bbox 957 3046 1092 3113; x_wconf 86' lang='lat' dir='ltr'><strong>flentes.</strong></span> <span class='ocrx_word' id='word_1_215' title='bbox 1117 3048 1270 3132; x_wconf 79' lang='lat' dir='ltr'><strong>Rogavit</strong></span> <span class='ocrx_word' id='word_1_216' title='bbox 1284 3049 1347 3133; x_wconf 90' lang='lat' dir='ltr'><strong>igi-</strong></span> 
     </span>
     <span class='ocr_line' id='line_1_27' title="bbox 68 3149 1344 3236; baseline 0.001 -20"><span class='ocrx_word' id='word_1_217' title='bbox 68 3175 74 3188; x_wconf 87' lang='lat'><strong>·</strong></span> <span class='ocrx_word' id='word_1_218' title='bbox 140 3151 369 3216; x_wconf 91' lang='lat' dir='ltr'><strong>turmaritum</strong></span> <span class='ocrx_word' id='word_1_219' title='bbox 386 3149 489 3214; x_wconf 91' lang='lat' dir='ltr'><strong>istius</strong></span> <span class='ocrx_word' id='word_1_220' title='bbox 501 3149 746 3214; x_wconf 89' lang='lat' dir='ltr'><strong>daemoniacae</strong></span> <span class='ocrx_word' id='word_1_221' title='bbox 763 3171 807 3215; x_wconf 91' lang='lat' dir='ltr'><strong>an</strong></span> <span class='ocrx_word' id='word_1_222' title='bbox 818 3150 1069 3216; x_wconf 83' lang='lat' dir='ltr'><strong>viveretmater</strong></span> <span class='ocrx_word' id='word_1_223' title='bbox 1084 3153 1202 3216; x_wconf 84' lang='lat' dir='ltr'><strong>uxoris</strong></span> <span class='ocrx_word' id='word_1_224' title='bbox 1220 3152 1344 3236; x_wconf 85' lang='lat' dir='ltr'><strong>ipsius.</strong></span> 
     </span>
     <span class='ocr_line' id='line_1_28' title="bbox 144 3251 1345 3338; baseline 0.003 -21"><span class='ocrx_word' id='word_1_225' title='bbox 144 3251 301 3338; x_wconf 84' lang='lat' dir='ltr'><strong>Quicum</strong></span> <span class='ocrx_word' id='word_1_226' title='bbox 318 3258 503 3334; x_wconf 91' lang='lat' dir='ltr'><strong>utrumque</strong></span> <span class='ocrx_word' id='word_1_227' title='bbox 516 3252 903 3335; x_wconf 86' lang='lat' dir='ltr'><strong>eiusparentemvivere</strong></span> <span class='ocrx_word' id='word_1_228' title='bbox 915 3252 1072 3336; x_wconf 88' lang='lat' dir='ltr'><strong>dixisset,</strong></span> <span class='ocrx_word' id='word_1_229' title='bbox 1088 3254 1241 3320; x_wconf 87' lang='lat' dir='ltr'><strong>Matrem</strong></span> <span class='ocrx_word' id='word_1_230' title='bbox 1258 3256 1345 3337; x_wconf 91' lang='lat' dir='ltr'><strong>eius,</strong></span> 
     </span>
     <span class='ocr_line' id='line_1_29' title="bbox 140 3353 1345 3441; baseline 0 -18"><span class='ocrx_word' id='word_1_231' title='bbox 140 3357 257 3440; x_wconf 89' lang='lat' dir='ltr'><strong>inquit</strong></span> <span class='ocrx_word' id='word_1_232' title='bbox 277 3356 354 3436; x_wconf 91' lang='lat' dir='ltr'><strong>illa,</strong></span> <span class='ocrx_word' id='word_1_233' title='bbox 378 3354 496 3419; x_wconf 92' lang='lat' dir='ltr'><strong>adme</strong></span> <span class='ocrx_word' id='word_1_234' title='bbox 519 3375 666 3420; x_wconf 87' lang='lat' dir='ltr'><strong>arcesse.</strong></span> <span class='ocrx_word' id='word_1_235' title='bbox 699 3353 810 3440; x_wconf 84' lang='lat' dir='ltr'><strong>Quam</strong></span> <span class='ocrx_word' id='word_1_236' title='bbox 834 3363 873 3421; x_wconf 91' lang='lat' dir='ltr'><strong>ut</strong></span> <span class='ocrx_word' id='word_1_237' title='bbox 893 3355 935 3420; x_wconf 93' lang='lat' dir='ltr'><strong>ab</strong></span> <span class='ocrx_word' id='word_1_238' title='bbox 958 3377 998 3421; x_wconf 91' lang='lat' dir='ltr'><strong>eo</strong></span> <span class='ocrx_word' id='word_1_239' title='bbox 1020 3358 1226 3423; x_wconf 90' lang='lat' dir='ltr'><strong>arcessitam</strong></span> <span class='ocrx_word' id='word_1_240' title='bbox 1246 3358 1345 3441; x_wconf 85' lang='lat' dir='ltr'><strong>vidit,</strong></span> 
     </span>
     <span class='ocr_line' id='line_1_30' title="bbox 139 3457 1344 3546; baseline 0.002 -21"><span class='ocrx_word' id='word_1_241' title='bbox 139 3459 335 3545; x_wconf 83' lang='lat' dir='ltr'><strong>Lymphata</strong></span> <span class='ocrx_word' id='word_1_242' title='bbox 350 3458 437 3524; x_wconf 92' lang='lat' dir='ltr'><strong>haec</strong></span> <span class='ocrx_word' id='word_1_243' title='bbox 456 3457 732 3541; x_wconf 88' lang='lat' dir='ltr'><strong>adolescentula,</strong></span> <span class='ocrx_word' id='word_1_244' title='bbox 754 3459 880 3543; x_wconf 87' lang='lat' dir='ltr'><strong>inquit,</strong></span> <span class='ocrx_word' id='word_1_245' title='bbox 904 3481 986 3523; x_wconf 90' lang='lat' dir='ltr'><strong>num</strong></span> <span class='ocrx_word' id='word_1_246' title='bbox 1001 3460 1075 3526; x_wconf 91' lang='lat' dir='ltr'><strong>filia</strong></span> <span class='ocrx_word' id='word_1_247' title='bbox 1089 3467 1152 3527; x_wconf 93' lang='lat' dir='ltr'><strong>tua</strong></span> <span class='ocrx_word' id='word_1_248' title='bbox 1168 3459 1246 3527; x_wconf 77' lang='lat' dir='ltr'><strong>est?</strong></span> <span class='ocrx_word' id='word_1_249' title='bbox 1277 3461 1344 3546; x_wconf 90' lang='lat' dir='ltr'><strong>Ita,</strong></span> 
     </span>
     <span class='ocr_line' id='line_1_31' title="bbox 142 3561 1344 3645; baseline 0.003 -17"><span class='ocrx_word' id='word_1_250' title='bbox 142 3585 160 3629; x_wconf 95' lang='grc' dir='ltr'>ο</span> <span class='ocrx_word' id='word_1_251' title='bbox 178 3564 328 3643; x_wconf 90' lang='lat' dir='ltr'><strong>domina,</strong></span> <span class='ocrx_word' id='word_1_252' title='bbox 345 3563 463 3645; x_wconf 91' lang='lat' dir='ltr'><strong>inquit</strong></span> <span class='ocrx_word' id='word_1_253' title='bbox 477 3561 604 3626; x_wconf 90' lang='lat' dir='ltr'><strong>mulier</strong></span> <span class='ocrx_word' id='word_1_254' title='bbox 619 3562 681 3626; x_wconf 93' lang='lat' dir='ltr'><strong>illa</strong></span> <span class='ocrx_word' id='word_1_255' title='bbox 697 3562 809 3627; x_wconf 90' lang='lat' dir='ltr'><strong>tristis</strong></span> <span class='ocrx_word' id='word_1_256' title='bbox 827 3569 862 3627; x_wconf 89' lang='lat' dir='ltr'><strong>et</strong></span> <span class='ocrx_word' id='word_1_257' title='bbox 878 3562 976 3645; x_wconf 90' lang='lat' dir='ltr'><strong>fiens,</strong></span> <span class='ocrx_word' id='word_1_258' title='bbox 993 3562 1079 3628; x_wconf 92' lang='lat' dir='ltr'><strong>haec</strong></span> <span class='ocrx_word' id='word_1_259' title='bbox 1096 3563 1169 3629; x_wconf 87' lang='lat' dir='ltr'><strong>filia</strong></span> <span class='ocrx_word' id='word_1_260' title='bbox 1184 3586 1263 3630; x_wconf 89' lang='lat' dir='ltr'><strong>mea</strong></span> <span class='ocrx_word' id='word_1_261' title='bbox 1279 3574 1344 3633; x_wconf 91' lang='lat' dir='ltr'><strong>est.</strong></span> 
     </span>
     <span class='ocr_line' id='line_1_32' title="bbox 139 3663 1346 3750; baseline 0.002 -18"><span class='ocrx_word' id='word_1_262' title='bbox 139 3666 339 3750; x_wconf 88' lang='lat' dir='ltr'><strong>Respondit</strong></span> <span class='ocrx_word' id='word_1_263' title='bbox 359 3665 431 3730; x_wconf 92' lang='lat' dir='ltr'><strong>filia</strong></span> <span class='ocrx_word' id='word_1_264' title='bbox 451 3665 637 3749; x_wconf 89' lang='lat' dir='ltr'><strong>principis:</strong></span> <span class='ocrx_word' id='word_1_265' title='bbox 675 3663 761 3731; x_wconf 90' lang='lat' dir='ltr'><strong>Cela</strong></span> <span class='ocrx_word' id='word_1_266' title='bbox 782 3671 953 3731; x_wconf 89' lang='lat' dir='ltr'><strong>secretum</strong></span> <span class='ocrx_word' id='word_1_267' title='bbox 974 3687 1104 3746; x_wconf 90' lang='lat' dir='ltr'><strong>meum;</strong></span> <span class='ocrx_word' id='word_1_268' title='bbox 1129 3689 1207 3733; x_wconf 90' lang='lat' dir='ltr'><strong>nam</strong></span> <span class='ocrx_word' id='word_1_269' title='bbox 1230 3668 1346 3735; x_wconf 86' lang='lat' dir='ltr'><strong>fateor</strong></span> 
     </span>
     <span class='ocr_line' id='line_1_33' title="bbox 139 3766 1344 3854; baseline 0.003 -21"><span class='ocrx_word' id='word_1_270' title='bbox 139 3770 205 3834; x_wconf 90' lang='lat' dir='ltr'><strong>tibi</strong></span> <span class='ocrx_word' id='word_1_271' title='bbox 224 3790 277 3835; x_wconf 91' lang='lat' dir='ltr'><strong>me</strong></span> <span class='ocrx_word' id='word_1_272' title='bbox 295 3769 405 3834; x_wconf 84' lang='lat' dir='ltr'><strong>fuisse</strong></span> <span class='ocrx_word' id='word_1_273' title='bbox 422 3768 612 3851; x_wconf 88' lang='lat' dir='ltr'><strong>leprosam,</strong></span> <span class='ocrx_word' id='word_1_274' title='bbox 635 3766 697 3832; x_wconf 89' lang='lat' dir='ltr'><strong>sed</strong></span> <span class='ocrx_word' id='word_1_275' title='bbox 720 3788 813 3831; x_wconf 91' lang='lat' dir='ltr'><strong>nunc</strong></span> <span class='ocrx_word' id='word_1_276' title='bbox 834 3770 969 3834; x_wconf 88' lang='lat' dir='ltr'><strong>sanavit</strong></span> <span class='ocrx_word' id='word_1_277' title='bbox 988 3790 1042 3834; x_wconf 92' lang='lat' dir='ltr'><strong>me</strong></span> <span class='ocrx_word' id='word_1_278' title='bbox 1060 3769 1200 3835; x_wconf 91' lang='lat' dir='ltr'><strong>domina</strong></span> <span class='ocrx_word' id='word_1_279' title='bbox 1216 3770 1344 3854; x_wconf 91' lang='lat' dir='ltr'><strong>Maria,</strong></span> 
     </span>
     <span class='ocr_line' id='line_1_34' title="bbox 139 3869 1344 3956; baseline 0.003 -20"><span class='ocrx_word' id='word_1_280' title='bbox 139 3879 250 3937; x_wconf 85' lang='lat' dir='ltr'><strong>mater</strong></span> <span class='ocrx_word' id='word_1_281' title='bbox 265 3871 348 3937; x_wconf 90' lang='lat' dir='ltr'><strong>Iesu</strong></span> <span class='ocrx_word' id='word_1_282' title='bbox 366 3869 508 3936; x_wconf 77' lang='lat' dir='ltr'><strong>Christi.</strong></span> <span class='ocrx_word' id='word_1_283' title='bbox 541 3869 644 3954; x_wconf 80' lang='lat' dir='ltr'><strong>Quod</strong></span> <span class='ocrx_word' id='word_1_284' title='bbox 667 3871 696 3935; x_wconf 92' lang='lat' dir='ltr'><strong>si</strong></span> <span class='ocrx_word' id='word_1_285' title='bbox 719 3870 826 3935; x_wconf 92' lang='lat' dir='ltr'><strong>filiam</strong></span> <span class='ocrx_word' id='word_1_286' title='bbox 842 3878 936 3936; x_wconf 92' lang='lat' dir='ltr'><strong>tuam</strong></span> <span class='ocrx_word' id='word_1_287' title='bbox 954 3874 1070 3938; x_wconf 88' lang='lat' dir='ltr'><strong>sanari</strong></span> <span class='ocrx_word' id='word_1_288' title='bbox 1086 3874 1151 3956; x_wconf 81' lang='lat' dir='ltr'><strong>vis,</strong></span> <span class='ocrx_word' id='word_1_289' title='bbox 1178 3894 1221 3939; x_wconf 89' lang='lat' dir='ltr'><strong>ea</strong></span> <span class='ocrx_word' id='word_1_290' title='bbox 1236 3874 1344 3940; x_wconf 91' lang='lat' dir='ltr'><strong>Beth·</strong></span> 
     </span>
     <span class='ocr_line' id='line_1_35' title="bbox 139 3971 1342 4059; baseline 0.005 -20"><span class='ocrx_word' id='word_1_291' title='bbox 139 3974 312 4041; x_wconf 89' lang='lat' dir='ltr'><strong>lehemum</strong></span> <span class='ocrx_word' id='word_1_292' title='bbox 328 3973 480 4039; x_wconf 90' lang='lat' dir='ltr'><strong>abducta</strong></span> <span class='ocrx_word' id='word_1_293' title='bbox 489 3971 638 4038; x_wconf 89' lang='lat' dir='ltr'><strong>Mariam</strong></span> <span class='ocrx_word' id='word_1_294' title='bbox 648 3979 792 4038; x_wconf 89' lang='lat' dir='ltr'><strong>matrem</strong></span> <span class='ocrx_word' id='word_1_295' title='bbox 803 3973 886 4038; x_wconf 92' lang='lat' dir='ltr'><strong>Iesu</strong></span> <span class='ocrx_word' id='word_1_296' title='bbox 903 3978 1055 4059; x_wconf 88' lang='lat' dir='ltr'><strong>require,</strong></span> <span class='ocrx_word' id='word_1_297' title='bbox 1073 3983 1109 4042; x_wconf 91' lang='lat' dir='ltr'><strong>et</strong></span> <span class='ocrx_word' id='word_1_298' title='bbox 1124 3976 1232 4044; x_wconf 89' lang='lat' dir='ltr'><strong>filiam</strong></span> <span class='ocrx_word' id='word_1_299' title='bbox 1247 3985 1342 4045; x_wconf 89' lang='lat' dir='ltr'><strong>tuam</strong></span> 
     </span>
     <span class='ocr_line' id='line_1_36' title="bbox 141 4075 1387 4159; baseline 0.006 -17"><span class='ocrx_word' id='word_1_300' title='bbox 141 4084 299 4142; x_wconf 89' lang='lat' dir='ltr'><strong>sanatum</strong></span> <span class='ocrx_word' id='word_1_301' title='bbox 321 4076 364 4140; x_wconf 93' lang='lat' dir='ltr'><strong>iri</strong></span> <span class='ocrx_word' id='word_1_302' title='bbox 391 4075 541 4155; x_wconf 76' lang='lat' dir='ltr'><strong>confide3</strong></span> <span class='ocrx_word' id='word_1_303' title='bbox 568 4096 732 4158; x_wconf 84' lang='lat' dir='ltr'><strong>egerere</strong></span> <span class='ocrx_word' id='word_1_304' title='bbox 755 4077 908 4159; x_wconf 91' lang='lat' dir='ltr'><strong>confido,</strong></span> <span class='ocrx_word' id='word_1_305' title='bbox 935 4085 969 4143; x_wconf 90' lang='lat' dir='ltr'><strong>te</strong></span> <span class='ocrx_word' id='word_1_306' title='bbox 993 4079 1066 4144; x_wconf 89' lang='lat' dir='ltr'><strong>filia</strong></span> <span class='ocrx_word' id='word_1_307' title='bbox 1087 4087 1182 4146; x_wconf 91' lang='lat' dir='ltr'><strong>recte</strong></span> <span class='ocrx_word' id='word_1_308' title='bbox 1202 4082 1340 4149; x_wconf 85' lang='lat' dir='ltr'><strong>valente</strong></span> <span class='ocrx_word' id='word_1_309' title='bbox 1368 4120 1387 4148; x_wconf 62' lang='grc' dir='ltr'>ι</span> 
     </span>
    </p>
   </div>
   <div class='ocr_carea' id='block_1_5' title="bbox 144 4202 356 4209">
    <p class='ocr_par' dir='ltr' id='par_1_5' title="bbox 144 4202 356 4209">
     <span class='ocr_line' id='line_1_37' title="bbox 144 4202 356 4209; baseline -0.005 0"><span class='ocrx_word' id='word_1_310' title='bbox 144 4205 218 4209; x_wconf 71' lang='grc'><strong>..,-.</strong></span> <span class='ocrx_word' id='word_1_311' title='bbox 298 4202 356 4209; x_wconf 54' lang='grc'><strong>,-</strong></span> 
     </span>
    </p>
   </div>
   <div class='ocr_carea' id='block_1_6' title="bbox 139 4251 1387 4493">
    <p class='ocr_par' dir='ltr' id='par_1_6' title="bbox 139 4251 1387 4493">
     <span class='ocr_line' id='line_1_38' title="bbox 207 4251 1387 4323; baseline 0.006 -22"><span class='ocrx_word' id='word_1_312' title='bbox 207 4251 332 4301; x_wconf 83' lang='lat' dir='ltr'><strong>xxxm.</strong></span> <span class='ocrx_word' id='word_1_313' title='bbox 357 4267 402 4315; x_wconf 75' lang='lat' dir='ltr'><strong>eqo</strong></span> <span class='ocrx_word' id='word_1_314' title='bbox 419 4266 479 4301; x_wconf 78' lang='lat' dir='ltr'><strong>cere</strong></span> <span class='ocrx_word' id='word_1_315' title='bbox 497 4251 595 4316; x_wconf 76' lang='lat' dir='ltr'><strong>confido</strong></span> <span class='ocrx_word' id='word_1_316' title='bbox 613 4256 637 4301; x_wconf 78' lang='lat' dir='ltr'><strong>ts</strong></span> <span class='ocrx_word' id='word_1_317' title='bbox 656 4277 664 4288; x_wconf 96' lang='lat'>·</span> <span class='ocrx_word' id='word_1_318' title='bbox 678 4277 687 4289; x_wconf 95' lang='lat'><strong>·</strong></span> <span class='ocrx_word' id='word_1_319' title='bbox 705 4252 740 4301; x_wconf 82' lang='lat' dir='ltr'><strong>od</strong></span> <span class='ocrx_word' id='word_1_320' title='bbox 754 4251 835 4301; x_wconf 80' lang='lat' dir='ltr'><strong>locum</strong></span> <span class='ocrx_word' id='word_1_321' title='bbox 851 4254 1023 4318; x_wconf 70' lang='lat' dir='ltr'><strong>designatum:</strong></span> <span class='ocrx_word' id='word_1_322' title='bbox 1045 4257 1085 4306; x_wconf 82' lang='lat' dir='ltr'><strong>ita</strong></span> <span class='ocrx_word' id='word_1_323' title='bbox 1104 4257 1145 4307; x_wconf 80' lang='lat' dir='ltr'><strong>m.</strong></span> <span class='ocrx_word' id='word_1_324' title='bbox 1178 4258 1293 4323; x_wconf 80' lang='lat' dir='ltr'><strong>Legitur</strong></span> <span class='ocrx_word' id='word_1_325' title='bbox 1310 4274 1387 4314; x_wconf 71' lang='lat' dir='ltr'><strong>e-</strong></span> 
     </span>
     <span class='ocr_line' id='line_1_39' title="bbox 139 4336 1387 4403; baseline 0.006 -17"><span class='ocrx_word' id='word_1_326' title='bbox 139 4337 207 4388; x_wconf 82' lang='lat' dir='ltr'><strong>Silrii</strong></span> <span class='ocrx_word' id='word_1_327' title='bbox 220 4337 447 4400; x_wconf 83' lang='lat' dir='ltr'><strong>interpretatione</strong></span> <span class='ocrx_word' id='word_1_328' title='bbox 461 4337 536 4386; x_wconf 80' lang='lat' dir='ltr'><strong>credo</strong></span> <span class='ocrx_word' id='word_1_329' title='bbox 548 4336 612 4386; x_wconf 70' lang='lat' dir='ltr'><strong>euim</strong></span> <span class='ocrx_word' id='word_1_330' title='bbox 624 4342 648 4387; x_wconf 85' lang='lat' dir='ltr'><strong>te</strong></span> <span class='ocrx_word' id='word_1_331' title='bbox 660 4342 754 4387; x_wconf 78' lang='lat' dir='ltr'><strong>sanata</strong></span> <span class='ocrx_word' id='word_1_332' title='bbox 762 4337 828 4403; x_wconf 80' lang='lat' dir='ltr'><strong>fllia</strong></span> <span class='ocrx_word' id='word_1_333' title='bbox 840 4338 935 4388; x_wconf 79' lang='lat' dir='ltr'><strong>laetam</strong></span> <span class='ocrx_word' id='word_1_334' title='bbox 947 4356 1116 4393; x_wconf 74' lang='lat' dir='ltr'><strong>reuersurum.</strong></span> <span class='ocrx_word' id='word_1_335' title='bbox 1143 4342 1238 4393; x_wconf 72' lang='lat' dir='ltr'><strong>seuam</strong></span> <span class='ocrx_word' id='word_1_336' title='bbox 1255 4344 1287 4392; x_wconf 81' lang='lat' dir='ltr'><strong>ab</strong></span> <span class='ocrx_word' id='word_1_337' title='bbox 1299 4360 1387 4394; x_wconf 62' lang='lat' dir='ltr'><strong>cr—</strong></span> 
     </span>
     <span class='ocr_line' id='line_1_40' title="bbox 139 4421 1123 4493; baseline 0.004 -19"><span class='ocrx_word' id='word_1_338' title='bbox 139 4427 219 4474; x_wconf 74' lang='lat' dir='ltr'><strong>tremo</strong></span> <span class='ocrx_word' id='word_1_339' title='bbox 227 4427 307 4489; x_wconf 74' lang='lat' dir='ltr'><strong>porte</strong></span> <span class='ocrx_word' id='word_1_340' title='bbox 319 4421 389 4472; x_wconf 77' lang='lat' dir='ltr'><strong>verbi</strong></span> <span class='ocrx_word' id='word_1_341' title='bbox 400 4423 514 4472; x_wconf 74' lang='lat' dir='ltr'><strong>mreeu</strong></span> <span class='ocrx_word' id='word_1_342' title='bbox 526 4421 584 4493; x_wconf 64' lang='lat' dir='ltr'><strong>illc,</strong></span> <span class='ocrx_word' id='word_1_343' title='bbox 597 4427 623 4472; x_wconf 82' lang='lat' dir='ltr'><strong>et</strong></span> <span class='ocrx_word' id='word_1_344' title='bbox 634 4439 688 4472; x_wconf 72' lang='lat' dir='ltr'><strong>ema</strong></span> <span class='ocrx_word' id='word_1_345' title='bbox 700 4423 757 4481; x_wconf 67' lang='lat' dir='ltr'><strong>tilia</strong></span> <span class='ocrx_word' id='word_1_346' title='bbox 767 4439 814 4473; x_wconf 73' lang='lat' dir='ltr'><strong>rua</strong></span> <span class='ocrx_word' id='word_1_347' title='bbox 826 4425 860 4475; x_wconf 81' lang='lat' dir='ltr'><strong>ad</strong></span> <span class='ocrx_word' id='word_1_348' title='bbox 872 4425 953 4475; x_wconf 72' lang='lat' dir='ltr'><strong>locum</strong></span> <span class='ocrx_word' id='word_1_349' title='bbox 964 4426 1123 4491; x_wconf 58' lang='lat' dir='ltr'><strong>dedam</strong></span> 
     </span>
    </p>
   </div>
   <div class='ocr_carea' id='block_1_7' title="bbox 0 0 1486 4912">
    <p class='ocr_par' dir='ltr' id='par_1_7' title="bbox 0 0 1486 4912">
     <span class='ocr_line' id='line_1_41' title="bbox 0 0 1486 4912; baseline 0 3"><span class='ocrx_word' id='word_1_350' title='bbox 0 0 1486 4912; x_wconf 95' lang='lat' dir='ltr'><strong> </strong></span> 
     </span>
    </p>
   </div>
  </div>
 </body>
</html>
