3000 4912
383 335 643 404 ‚uvnuonulun
660 336 808 389 ΤΗΟΜΔΕ
826 339 997 391 LATINUM.
1024 342 1084 392 vll.
1288 345 1348 407 173

146 487 347 572 spondeam.
394 489 417 522 ¹¹
436 486 484 552 Et
504 508 598 552 nunc
619 507 743 570 precor
764 495 814 569 te,
837 488 946 555 frater
961 489 1107 576 Ioseph,
1130 494 1214 560 tolle
1233 516 1348 560 eumn

146 613 200 658 me
222 597 258 657 et
274 591 340 657 duc
362 591 461 656 illum
483 591 520 655 in
540 589 678 655 domum
699 596 808 671 tuam,
834 593 916 675 quia
936 593 1003 659 iste
1026 597 1192 678 magister
1214 604 1268 664 est
1287 604 1349 663 eut

147 694 307 760 dominus
328 701 389 760 aut
410 694 567 777 angelus.
601 690 694 777 Quid
717 694 845 775 dicam,
868 697 995 761 nescio.
1044 699 1068 731 ¹²
1084 698 1132 763 ut
1147 699 1249 766 Iesus
1270 721 1349 766 con-

145 817 265 863 versus
287 795 330 862 sd
352 796 503 863 Iudaeos
526 797 586 880 qui
608 817 685 861 cum
706 797 845 863 Zacheo
869 805 969 863 erant
990 799 1078 865 dixit
1098 801 1184 867 illis:
1217 800 1347 869 Omnes

147 921 239 966 nunc
256 922 326 965 non
341 901 500 965 videntes
516 899 667 981 videant,
689 905 724 964 et
740 921 809 965 non
826 900 1066 985 intelligentes
1083 903 1295 989 intelligant,
1314 912 1349 970 et

148 1002 246 1068 surdi
262 1002 417 1085 audient,
435 1003 541 1086 etqui
556 1008 700 1086 propter
715 1024 767 1068 me
780 1005 906 1068 mortui
924 1010 1005 1070 sunt
1021 1013 1216 1091 resurgunt,
1234 1013 1269 1074 et
1284 1008 1347 1074 hos

148 1106 207 1189 qui
224 1112 307 1171 sunt
323 1105 490 1171 sublimes
510 1105 555 1172 ad
576 1106 701 1171 altiora
716 1127 847 1189 vocem,
872 1107 963 1172 sicut
983 1110 1164 1193 praecepit
1184 1110 1270 1175 mihi
1287 1114 1347 1196 qui

147 1230 199 1275 me
216 1210 313 1274 misit
328 1209 372 1274 ud
391 1230 460 1274 vos.
493 1206 580 1274 Oum
602 1215 719 1274 autem
740 1208 898 1273 siluisset
917 1229 1006 1291 puer
1021 1210 1138 1293 Iesus,
1161 1213 1246 1278 salvi
1263 1213 1347 1280 facti

148 1317 230 1377 sunt
250 1333 369 1378 omnes
390 1311 517 1376 infirmi
536 1313 595 1395 qui
613 1318 755 1395 propter
771 1331 947 1376 sermones
970 1313 1045 1378 eius
1068 1314 1344 1381 infirmabantur.

147 1413 194 1480 Et
210 1437 278 1481 non
297 1421 397 1480 erant
412 1415 489 1479 ausi
506 1415 603 1498 loqui
619 1414 664 1479 ud
681 1435 769 1479 eum.

270 1640 363 1692 Cenon
381 1641 442 1691 VII.
479 1639 654 1700 QUOMODO
674 1639 774 1690 Issus
793 1637 1053 1691 Rususclunvm
1072 1641 1224 1693 PUERUM.

234 1790 341 1858 1Uno
362 1798 478 1858 autem
501 1791 557 1857 die
580 1812 657 1856 cum
682 1790 889 1857 ascenderet
914 1793 950 1856 in
973 1790 1073 1856 domo
1096 1792 1244 1875 quadam
1271 1815 1348 1860 cum

148 1893 358 1976 insontibus,
381 1895 498 1978 coepit
513 1894 634 1960 ludere
653 1916 730 1960 cum
747 1895 798 1959 eis
815 1894 926 1960 Iesus.
958 1893 1059 1960 Unus
1077 1901 1193 1961 nutem
1210 1896 1252 1962 de
1269 1897 1347 1963 istis

148 1999 267 2081 pueris
289 1998 393 2063 irruit
413 2018 476 2081 per
496 1997 685 2082 posticum,
708 1999 907 2081 quistatim
929 2004 1086 2064 mortuus
1109 2005 1171 2064 est.
1202 1998 1347 2065 Etcum

148 2101 212 2168 hoc
227 2102 399 2168 vidissent
418 2100 586 2182 infantes,
612 2121 730 2166 omnes
748 2100 942 2185 lugierunt3
965 2101 1067 2167 Iesus
1084 2109 1200 2167 autem
1216 2123 1349 2168 remon·

150 2205 195 2270 sit
214 2205 250 2269 in
268 2205 368 2270 domo
392 2204 463 2269 illa.
510 2202 585 2269 'Et
606 2224 684 2269 cum
699 2204 879 2270 venissent
899 2212 1062 2288 parentes
1085 2205 1187 2287 pueri
1210 2206 1271 2288 qui
1293 2204 1349 2270 de·

217 2417 258 2466 11.
277 2430 311 2466 D:
332 2416 404 2466 Certe
416 2417 473 2466 dico
485 2417 555 2466 noble
573 2421 597 2466 et
608 2433 658 2466 non
670 2417 794 2474 munior,
813 2417 873 2480 quio
892 2421 951 2466 ente
969 2416 1056 2466 oculeo
1067 2432 1133 2466 meos
1145 2416 1264 2479 operosis
1275 2416 1349 2463 liuius

144 2502 221 2567 pueri
236 2506 261 2551 et
280 2503 408 2551 sentencia
419 2503 540 2552 sermome
557 2504 610 2551 elus
628 2506 653 2550 et
670 2502 821 2550 intencionie
832 2502 916 2550 euitue
927 2500 992 2550 nihil
1005 2517 1131 2550 commune
1144 2517 1198 2549 cum
1209 2496 1349 2550 dominibus
1389 2560 1392 2567 Ι

147 2590 248 2638 uidetur
259 2588 359 2637 dudm.
384 2588 436 2638 Hic
447 2589 531 2637 neseio
544 2604 577 2636 an
588 2602 676 2650 magus
688 2603 721 2634 an
733 2587 795 2636 deun
807 2588 850 2644 cit,
869 2590 915 2635 aut
927 2591 995 2636 certe
1006 2585 1112 2650 annolus
1124 2587 1166 2635 dei
1178 2587 1222 2650 qui
1235 2585 1349 2650 loquitur

147 2676 173 2724 in
184 2690 221 2724 eo.
251 2673 322 2724 Unde
334 2675 368 2723 nit
381 2677 426 2722 aut
438 2673 502 2722 unde
514 2673 611 2721 venierit
623 2676 668 2720 aut
680 2672 741 2736 quid
745 2673 856 2737 futurus
868 2673 903 2722 nit
913 2673 1006 2723 nescio.
1034 2672 1108 2722 Haec
1122 2687 1212 2721 rursus
1225 2672 1347 2736 inprimis

148 2775 206 2811 cum
219 2760 263 2809 l’s.
276 2760 376 2810 Mutth.
389 2759 482 2813 XXXI.
495 2762 519 2808 3.
534 2759 707 2807 conveniunt

216 2850 257 2896 12.
276 2851 302 2895 et
312 2847 358 2895 lon
369 2847 413 2910 qui
424 2851 483 2895 nunt
494 2845 611 2894 sublimen
627 2844 661 2892 ad
673 2843 772 2893 altiora
784 2860 881 2893 uocem:
899 2845 965 2894 hoec
978 2859 1101 2910 megunm
1115 2848 1218 2907 purtem
1232 2843 1346 2893 conieci.

147 2932 280 2983 Videntur
292 2933 327 2982 nd
340 2948 371 2982 en
384 2931 547 2981 conferenda
561 2946 627 2994 quse
641 2945 736 2995 evang.
751 2930 843 2979 Thom.
857 2930 900 2978 Gr.
913 2933 934 2979 A
948 2929 1027 2988 VIII,
1047 2931 1070 2978 1.
1085 2929 1180 2987 hebet,
1199 2924 1240 2977 καὶ
1254 2927 1298 2977 eiu
1309 2920 1347 2976 τὰ

147 3010 213 3086 ἅμα)
225 3014 353 3066 καλέσω.
374 3017 407 3067 In
419 3019 477 3081 ipso
488 3017 580 3066 codice
590 3018 628 3066 sic
639 3018 695 3066 fere
709 3018 838 3080 scriptum
852 3022 906 3067 est:
920 3022 945 3066 et
956 3019 1006 3067 ltin
1018 3019 1062 3081 qui
1073 3023 1131 3066 eunt
1143 3017 1259 3066 sublimen
1271 3015 1347 3065 allio·

147 3120 188 3154 ren
199 3089 227 3155 ἦ
240 3121 306 3154 voce.
320 3103 324 3169 Ι
339 3105 373 3152 ad
386 3120 454 3154 eum:
467 3103 550 3152 codex
563 3103 688 3151 addeum.

214 3205 248 3240 n:
275 3189 344 3238 lianc
361 3189 410 3238 len.
435 3187 502 3238 laeto
522 3188 595 3237 vultu
617 3188 750 3237 subridens
770 3188 802 3237 de
819 3204 847 3236 eo
870 3188 938 3236 dieu
960 3203 1014 3235 cum
1037 3187 1142 3250 imperio
1162 3187 1258 3234 cunctis
1276 3185 1347 3250 filiis

149 3273 233 3324 Israel
245 3274 389 3324 astantibus
400 3278 425 3323 et
437 3273 609 3322 audientibus:
627 3274 794 3339 Fructificent
811 3273 966 3338 infructuosi
984 3276 1009 3321 et
1020 3287 1070 3320 non
1082 3272 1195 3339 uidentes
1207 3270 1311 3319 uideant
1323 3275 1348 3318 et

148 3374 196 3409 non
207 3360 379 3422 intelliyenten
391 3359 548 3422 intelligant,
567 3359 618 3406 ceci
630 3360 742 3416 uideant,
760 3359 834 3407 eundi
846 3359 963 3416 audiam,
982 3357 1069 3407 claudi
1081 3356 1208 3406 ambulent
1220 3359 1245 3405 et
1250 3371 1346 3418 paupe-

148 3460 188 3495 nen
194 3447 326 3512 sinuentur
343 3447 413 3494 bonis
428 3450 454 3494 et
470 3445 625 3493 reviviscant
639 3445 733 3494 mortui
750 3449 775 3493 et
793 3445 968 3509 redinteqruto
981 3443 1077 3506 (codex
1090 3447 1215 3508 corrupte
1228 3441 1303 3490 reddi
1320 3442 1347 3489 in

149 3530 256 3597 integro)
269 3536 339 3581 elatu
351 3531 519 3596 unusquisqne
530 3533 677 3579 revertatur
689 3531 724 3579 ud
730 3531 843 3593 propria
861 3535 886 3579 et
893 3532 1045 3594 pennamt
1061 3529 1088 3576 in
1105 3543 1134 3576 eo
1146 3528 1201 3590 ipso
1214 3526 1257 3590 qui
1268 3527 1347 3575 radin

151 3621 186 3666 ent
200 3619 252 3667 nite
269 3622 295 3667 et
312 3617 454 3666 dulcedinis
468 3620 618 3679 perpetuae.
642 3616 681 3664 Et
697 3632 751 3665 cum
767 3617 830 3664 laec
841 3616 948 3665 dixisset
961 3629 1028 3676 puer
1040 3614 1127 3670 Iesus,
1146 3613 1263 3661 continuo
1280 3611 1347 3660 salvi

143 3702 211 3763 sueti
222 3709 281 3755 nunt
293 3721 375 3754 munes
386 3705 482 3769 infirmi
499 3707 525 3753 et
536 3703 683 3752 renuncitoti
695 3707 753 3752 nunt
765 3718 847 3752 omnen
859 3704 902 3767 qui
914 3701 1124 3766 mortutfueront
1133 3714 1181 3761 per
1194 3713 1248 3746 eum
1264 3701 1290 3746 et
1302 3698 1346 3761 qui

147 3801 191 3848 pen
207 3806 334 3841 somnone-n
349 3791 403 3840 ciue
419 3790 623 3856 infirmabuntur.
656 3790 695 3839 ut
712 3789 822 3852 emplius
837 3803 887 3837 non
903 3787 1030 3836 audebant
1046 3786 1069 3834 ei
1086 3785 1172 3833 dicere
1189 3783 1289 3847 aliquid
1307 3782 1347 3831 nel

150 3876 236 3926 nudne
248 3877 280 3925 ab
292 3892 330 3925 eo.
354 3877 442 3925 litium
456 3876 522 3926 haec
535 3876 647 3924 maxime
661 3876 827 3925 conveniunt
840 3889 899 3923 cum
912 3873 955 3922 Ps.
969 3873 1068 3923 Metth.
1082 3871 1175 3928 XXXI,
1189 3872 1214 3921 4.

163 4014 166 4020 ,
214 3961 275 4010 vn.
294 3962 327 4012 ln
340 3962 398 4012 cod.
410 3975 429 4010 u
443 3962 540 4011 titulus
554 3965 608 4010 est:
638 3959 711 4022 Quod
722 3961 795 4009 Iesus
807 3960 940 4009 mcitanit
947 3975 1055 4024 puerum
1073 3974 1127 4007 cum
1144 3958 1199 4021 ipso
1212 3956 1345 4005 ludentem·

214 4049 238 4097 1.
263 4047 334 4097 Una:
347 4048 430 4098 codex
444 4046 488 4095 Ita
503 4043 508 4111 Ι
525 4046 595 4096 Unus
606 4051 704 4096 autem:
717 4051 799 4096 autem
813 4062 867 4096 non
880 4050 922 4095 ost
935 4047 963 4094 in
976 4045 1076 4094 codice.

212 4150 231 4185 1>
245 4135 299 4185 sic:
322 4133 438 4195 Quudmn
449 4134 530 4197 ἐρίων
542 4133 584 4181 die
596 4148 650 4181 cum
668 4133 823 4182 moendinnet
834 4132 906 4180 Iesus
924 4131 951 4180 in
963 4132 1035 4180 domo
1048 4130 1177 4180 cuiusdam
1190 4144 1245 4177 etun
1256 4129 1342 4193 insan-

151 4217 212 4269 ‘llus
223 4224 249 4270 et
261 4220 361 4269 luderet
373 4236 428 4268 cnnn
439 4220 476 4268 ein
487 4218 514 4267 in
525 4217 632 4276 solario,
652 4220 759 4283 contigit
770 4223 799 4268 ut
810 4235 874 4267 unus
885 4218 917 4267 de
925 4217 1016 4281 pueris
1024 4219 1110 4265 rueret
1117 4229 1168 4277 pen
1176 4215 1302 4276 posticum
1314 4214 1346 4262 de

151 4303 242 4357 nuria
254 4308 281 4354 in
294 4310 398 4363 terram,
412 4310 438 4354 et
449 4306 536 4354 statim
547 4308 661 4354 mortuus
672 4308 717 4354 est.
738 4305 777 4353 Et
789 4320 841 4352 cum
854 4304 976 4352 nidiemnt
987 4305 1033 4352 loc
1045 4302 1166 4367 infantes,
1179 4301 1345 4364 omnensuye·

152 4395 218 4448 nnt5
237 4392 309 4441 lenus
321 4395 404 4442 unum
416 4392 539 4441 remansit
550 4390 619 4440 solun
630 4391 658 4438 in
670 4391 742 4439 donno
754 4389 811 4440 illa.

215 4480 240 4527 2.
257 4492 291 4528 nn
310 4478 348 4527 Et
366 4492 420 4526 cun
436 4477 560 4527 odissent
572 4481 695 4540 parentes
712 4475 784 4526 illiue
801 4475 912 4541 infantie
923 4476 967 4540 qui
978 4478 1091 4524 mortuui
1099 4473 1208 4539 suerat,
1227 4469 1345 4520 dicebant
