2962 4912
175 978 344 1052 INCIPIT
372 980 517 1052 LIBER
544 981 604 1052 Du
632 980 755 1085 QRTU
782 979 964 1053 BEATAE
991 981 1172 1056 MARIAE
1203 984 1262 1055 ET

440 1097 665 1171 INFANTIA
693 1098 987 1174 SALVATORIS.

134 1303 260 1356 ABEATO
272 1304 463 1354 uauvflauo
476 1301 721 1353 uvauGumsua
733 1303 911 1353 Huaaalcu
925 1304 1091 1356 SCRIPTUS
1104 1308 1148 1356 ET
1164 1309 1312 1359 isauro

266 1389 376 1440 lussou
378 1390 443 1439 1Μο
457 1389 682 1439 PRESBYTERO
696 1389 735 1438 IN
747 1389 909 1440 LATINUM
921 1391 1157 1441 TRANSLATUS.

690 1578 728 1650 A.

204 1727 438 1792 Dilectissimo
457 1727 557 1791 fratri
575 1747 636 1791 suo
652 1727 828 1791 Ieronimo
846 1728 1049 1812 presbytero
1062 1726 1260 1794 Oromatius
1278 1737 1313 1795 et

141 1829 301 1897 Illiodorus
319 1831 476 1913 episcopi
494 1831 529 1893 iu
547 1829 687 1894 domino
706 1829 864 1894 salutem.

205 1931 321 1999 Ortum
346 1932 481 1997 Mariae
508 1933 653 2015 virginis
680 1939 715 1997 et
740 1934 959 1997 nativitatem
991 1939 1095 2016 atque
1126 1932 1312 1999 infantiam

142 2035 244 2103 domini
259 2036 371 2100 nostri
386 2036 469 2100 Iesu
487 2034 619 2100 Christi
636 2037 672 2099 in
690 2035 898 2118 apocryphis
915 2035 1014 2099 libris
1032 2036 1237 2100 invenimus.
1268 2037 1311 2102 In

143 2139 241 2223 quihus
266 2139 376 2203 multa
396 2139 573 2202 contraria
600 2138 681 2202 fidei
710 2143 850 2202 nostrae
876 2137 1141 2202 considerantes
1170 2140 1311 2222 scripta,

141 2241 306 2307 recusanda
322 2240 494 2305 credimus
511 2241 688 2321 universa,
712 2262 755 2304 ne
778 2262 841 2322 per
857 2241 1076 2305 occasionem
1097 2239 1228 2306 Christi
1245 2249 1312 2308 tra-

142 2345 270 2408 daremus
292 2342 464 2407 laetitiam
485 2342 704 2408 antichristo.
737 2343 812 2408 Ista
833 2365 914 2426 ergo
937 2344 1038 2408 nobis
1060 2344 1312 2410 consideranti·

140 2447 188 2512 bus
201 2446 403 2511 exstiterunt
418 2448 480 2510 viri
499 2447 612 2511 sancti
627 2447 836 2511 Parmenius
854 2452 890 2511 et
898 2446 1044 2514 Vicinus
1065 2447 1124 2529 qui
1142 2446 1310 2530 dicerent,

141 2552 331 2615 sanctitatem
348 2555 442 2613 tuam
458 2549 653 2613 beatissimi
666 2549 839 2614 Matthaei
857 2548 1090 2632 evangelistae
1109 2571 1211 2614 manu
1229 2551 1311 2615 scri·

140 2659 213 2735 ptum
226 2653 383 2716 volumen
399 2651 602 2717 hebraicum
625 2653 816 2733 invenisse,
840 2653 961 2734 inquo
983 2657 1018 2715 et
1039 2652 1150 2735 ipsius
1166 2654 1310 2737 virginis

140 2755 232 2818 matris
250 2761 346 2819 ortus
364 2761 399 2818 et
416 2754 598 2819 salvatoris
616 2756 726 2819 nostri
744 2755 895 2819 Infantia
911 2760 1005 2818 esset
1022 2755 1162 2836 scripta.
1193 2755 1242 2820 Et
1261 2756 1311 2820 id-

141 2857 209 2921 circo
234 2868 327 2921 tuam
359 2858 540 2921 caritatem
569 2879 632 2941 per
660 2859 774 2941 ipsum
805 2857 983 2922 dominum
1010 2862 1168 2922 nostrum
1192 2859 1311 2923 Iesum

190 3065 198 3085 ⁸
213 3067 250 3117 lta
261 3068 360 3116 titulus
375 3073 416 3116 est
430 3068 457 3116 in
471 3082 496 3116 Δ.

189 3153 257 3201 coic:
274 3153 372 3215 Incipit
383 3153 497 3216 hystoria
509 3153 540 3200 cte
553 3152 659 3200 inachim
675 3156 700 3200 et
712 3167 781 3200 aoso
796 3152 864 3202 etde
876 3153 1012 3202 natiritatc
1025 3152 1113 3201 heatae
1125 3153 1167 3203 dei
1175 3155 1310 3216 peritricie

138 3250 253 3301 vesperque
264 3238 373 3301 virginio
385 3239 464 3285 morie
477 3242 502 3286 et
514 3238 545 3284 de
558 3238 671 3301 infantia
682 3237 833 3287 calcatoria.

188 3335 203 3370 n
217 3327 273 3386 post
286 3324 441 3387 prologum:
460 3323 518 3385 Epo
531 3321 639 3370 Iacobus
652 3322 726 3375 vvida
739 3322 813 3386 post)
827 3328 870 3372 etc
884 3323 937 3371 itu:
957 3322 1054 3385 Incipit
1072 3321 1173 3371 lidethre
1184 3323 1216 3371 de
1231 3325 1307 3372 mira·

138 3404 186 3454 nor
195 3408 310 3471 infantiae
321 3409 417 3456 doraioi
428 3409 499 3456 deero
511 3408 600 3457 christi
612 3411 637 3456 et
649 3408 680 3457 dc
688 3413 768 3471 patre
780 3412 805 3457 et
816 3412 898 3457 matre
911 3407 999 3456 heatae
1010 3408 1117 3456 mariae.
1298 3392 1301 3398 ’

163 3528 165 3532 .
188 3504 201 3539 u
211 3499 267 3556 post
280 3494 328 3543 has
342 3509 417 3557 eppa
437 3493 534 3556 Incipit
545 3493 577 3541 de
588 3494 705 3556 infancia
717 3497 804 3542 sancte
814 3493 896 3542 marie
907 3497 933 3542 et
944 3493 1034 3542 chricti
1045 3493 1192 3543 salvatorio.

187 3576 316 3629 Praeterea
332 3580 367 3628 cf.
381 3579 581 3642 Prolegomena.

187 3663 213 3714 Α.
229 3663 388 3714 Inscribitur
400 3664 428 3712 in
441 3678 471 3712 az
493 3664 614 3727 Epistola
626 3664 744 3713 cromatii
755 3668 781 3712 et
791 3664 909 3713 eliodori.
931 3660 935 3720 Ι
954 3678 1014 3712 roo:
1031 3663 1096 3727 vulg
1108 3678 1151 3712 om
1163 3679 1213 3713 nec
1226 3679 1307 3729 agno·

137 3752 197 3797 aaut
207 3762 220 3797 a
230 3750 292 3798 lion
305 3750 352 3798 alii
374 3747 377 3811 Ι
398 3750 462 3812 vulg
475 3749 629 3814 Hieronymo
642 3750 671 3811 (a
683 3749 829 3807 hieronimo,
843 3749 889 3798 sed
902 3757 983 3797 antea
995 3746 1138 3810 ieronimo),
1151 3748 1217 3798 item
1231 3751 1307 3801 Chro-

137 3834 207 3880 noto
216 3839 238 3883 et
250 3835 408 3884 Heliodorus
420 3834 481 3895 (eod
500 3849 516 3883 a
528 3851 587 3884 cum
600 3850 617 3884 a
631 3835 782 3891 consentit)
798 3831 802 3899 Ι
816 3836 880 3899 vulg
892 3834 999 3883 salutem
1011 3835 1038 3882 ire
1050 3834 1157 3884 domino.

187 3920 242 3984 vulg
253 3925 280 3969 et
291 3933 308 3967 u
323 3920 413 3968 Ortum
423 3919 461 3968 Μ.
472 3922 577 3983 repioae
589 3921 697 3986 oirqirrir
710 3921 736 3983 (a
747 3919 882 3984 oiryirvmr)
896 3919 971 3969 rimrd
983 3924 1008 3969 et
1020 3921 1100 3970 ratio.
1114 3917 1118 3986 Ι
1133 3926 1222 3984 atquc.-
1234 3935 1252 3969 a
1265 3926 1290 3971 et
1300 3919 1304 3988 Ι

137 4002 316 4067 vulgiarerimus
325 4005 400 4054 libris
413 4003 417 4071 Ι
432 4006 588 4053 recurando:
604 4019 621 4054 a
630 4006 780 4055 verecundo.
799 4005 924 4069 speciose
936 4006 1006 4055 illud
1016 4006 1132 4069 quidem.
1150 4004 1190 4055 cf.
1202 4006 1307 4057 Schade

137 4086 162 4134 ed
171 4088 214 4138 hl.
232 4094 235 4153 Ι
253 4091 376 4139 credimur
388 4100 419 4140 ut
431 4104 466 4138 aa
479 4091 543 4139 Mon
556 4094 637 4155 atque
650 4093 732 4141 ctiam
745 4092 901 4149 vallarsius,
914 4106 969 4140 uon
982 4092 1135 4141 credidimus
1154 4089 1158 4157 Ι
1179 4093 1242 4156 vulg
1255 4093 1307 4142 loe·

138 4173 201 4221 titiam
210 4177 311 4226 artirtr⁴
323 4176 403 4232 trad„
419 4188 436 4222 Ε
449 4177 513 4225 Mon
526 4178 636 4226 artarer,
649 4176 709 4226 laet.
723 4177 793 4226 trad.
812 4174 815 4241 Ι
834 4193 909 4242 erqo:
926 4178 991 4242 vulg
1003 4178 1083 4241 ipitur
1102 4175 1106 4242 Ι
1126 4179 1191 4243 vulg
1203 4179 1254 4227 ciri
1265 4180 1307 4228 dei

139 4260 244 4309 Ameriae
257 4259 261 4326 Ι
273 4261 417 4310 Matthaei:
429 4263 457 4310 ln
468 4262 545 4311 codd.
555 4263 649 4311 mathei
658 4263 737 4312 scribi
748 4264 819 4313 solet
833 4260 837 4328 Ι
851 4265 915 4327 vulg
925 4278 966 4311 om
976 4264 1065 4326 ipeiae,
1076 4265 1141 4313 item
1151 4269 1230 4322 ortae,
1241 4265 1307 4313 item

140 4339 190 4399 (uon
199 4346 254 4395 item
266 4347 293 4408 u)
306 4348 389 4396 nostri
408 4345 411 4410 Ι
432 4348 627 4410 scorreriptam
639 4355 667 4397 et
679 4349 825 4411 romrrtpra
844 4346 848 4413 Ι
868 4349 907 4397 Et
918 4348 1015 4398 idcirco
1029 4354 1072 4398 etc
1083 4363 1115 4398 cx
1127 4349 1192 4399 Mon
1205 4355 1232 4415 et
1245 4348 1306 4411 (sed

140 4430 243 4494 henepon
254 4437 321 4481 tuom
333 4434 467 4481 caritatem
479 4439 543 4484 ante
555 4434 710 4497 προέθηκε)
723 4447 740 4484 1
753 4434 927 4497 sumpturum
946 4448 964 4485 Δ
981 4434 1019 4483 Et
1034 4433 1084 4482 ide.
1103 4437 1172 4483 taam
1188 4451 1306 4498 ropomar

1049 4517 1091 4568 ,μ
