2962 4912
146 276 206 341 124
434 279 600 331 meroem
620 279 772 331 rossem.
804 279 878 331 eur.
896 280 942 329 1v.
963 279 994 328 v.
1013 278 1062 330 vr.

144 450 265 495 annos.
294 427 432 514 Quippe
450 436 614 512 parentes
630 428 743 513 ipsius
761 429 966 496 obtulerunt
983 447 1057 494 eam
1074 429 1110 493 in
1127 428 1257 510 templo
1276 434 1349 495 tres

143 554 254 597 annos
271 538 403 612 natam,
426 532 624 614 mansitque
647 532 709 598 illa
729 534 765 597 in
785 533 914 616 templo
933 531 1064 597 domini
1081 551 1203 596 novem
1226 551 1351 597 annos.

143 634 241 700 Tunc
265 641 304 700 ut
318 635 482 700 viderunt
503 636 702 701 sacerdotes
718 637 887 719 virginem
909 642 1064 700 sanctam
1086 637 1145 719 (et)
1166 635 1352 699 timentem

145 739 321 804 dominum
338 738 551 819 adolescere,
572 760 608 804 se
626 740 773 805 invicem
790 740 935 805 allocuti
948 739 1216 803 suntdicentes:
1234 736 1353 820 Quae·

143 863 259 906 ramus
275 843 384 906 virum
407 843 537 907 iustum
555 846 613 928 (et)
630 844 740 926 pium,
765 845 821 908 cui
844 843 1081 908 committatur
1094 840 1210 906 Maria
1233 860 1351 923 usque

143 945 187 1011 ad
212 952 349 1028 tempus
376 947 592 1029 nuptiarum:
619 967 662 1012 ne
688 947 845 1012 manenti
873 945 1063 1029 intemplo
1089 944 1228 1010 accidat
1253 942 1353 1027 quod

143 1048 303 1113 accidere
329 1049 420 1114 solet
440 1049 664 1131 mulieribus,
692 1070 802 1133 eoque
825 1049 964 1114 nomine
987 1068 1187 1131 peccemus,
1215 1052 1252 1112 et
1274 1066 1354 1110 suc·

145 1159 288 1217 censeat
303 1151 405 1218 nobis
424 1155 520 1218 deus.

642 1322 763 1388 Carum
786 1322 848 1391 IV.

227 1476 383 1543 Proinde
409 1480 527 1542 statim
553 1478 690 1543 emissis
717 1478 874 1563 (nuntiis)
901 1481 1136 1542 convocarunt
1161 1474 1353 1540 duodecim

144 1601 245 1646 senes
271 1581 313 1645 de
339 1580 434 1645 tribu
459 1580 559 1645 Iuda.
596 1581 644 1645 Et
670 1581 887 1664 scripserunt
911 1580 1053 1646 nomina
1077 1579 1265 1644 duodecim
1289 1578 1353 1642 tri·

142 1683 250 1747 buum
271 1683 425 1749 Israelis.
458 1682 597 1750 Occidit
618 1690 734 1749 autem
756 1703 831 1750 sors
855 1704 961 1766 super
977 1704 1095 1749 senem
1116 1683 1230 1766 pium,
1253 1681 1353 1747 Iose-

142 1786 248 1869 phum
271 1786 412 1851 iustum.
443 1784 543 1852 Tunc
564 1785 818 1870 respondentes
835 1785 1000 1850 dixerunt
1021 1785 1223 1851 sacerdotes
1244 1785 1352 1850 matri

143 1910 239 1955 meae
255 1889 480 1956 benedictae:
511 1890 568 1956 Ito
586 1911 663 1955 cum
679 1888 831 1973 Iosepho
854 1894 889 1955 et
911 1895 986 1956 esto
1007 1888 1100 1972 apud
1116 1888 1217 1953 illum
1235 1908 1351 1972 usque

144 1991 186 2056 ad
204 1996 341 2075 tempus
357 1992 569 2076 nuptiarum.
605 1990 757 2074 Accepit
778 2013 859 2075 ergo
876 1992 1049 2074 Iosephus
1070 1991 1184 2056 iustus
1201 1997 1352 2056 matrem

143 2114 269 2176 meam,
293 2116 438 2180 eamque
459 2097 606 2162 abduxit
625 2099 662 2162 in
686 2097 824 2161 domum
849 2119 956 2163 suam.
986 2096 1035 2161 Et
1055 2096 1189 2162 invenit
1208 2095 1352 2183 (Maria)

143 2197 311 2264 Iacobum
333 2200 501 2265 minorem
524 2201 560 2264 iu
577 2200 678 2266 domo
695 2201 805 2283 patris
829 2201 905 2265 eius
926 2200 1076 2265 fractum
1099 2201 1214 2266 animo
1241 2207 1352 2285 atquc

144 2307 315 2367 moestum
331 2310 476 2387 propter
492 2304 679 2370 orbitatem
696 2305 856 2389 (matris),
880 2311 915 2371 et
932 2304 1093 2370 educavit
1108 2305 1219 2369 illum.
1251 2302 1353 2371 Hinc

145 2405 323 2487 appellata
348 2413 401 2471 est
424 2406 539 2473 Maria
563 2414 675 2473 mater
697 2406 829 2473 Iacchi.
875 2408 1015 2473 Deinde
1040 2408 1247 2492 relinquens
1274 2428 1356 2474 eam

143 2507 316 2592 Iosephus
337 2509 373 2573 in
397 2509 497 2575 domo
521 2531 585 2576 sua
608 2511 717 2576 abivit
741 2509 784 2575 ad
808 2510 980 2576 officinam
1005 2511 1065 2576 ubi
1088 2517 1274 2576 exercetur
1294 2532 1354 2578 ars

143 2610 280 2676 fabrilis
298 2612 457 2695 lignaria.
495 2613 688 2697 Postquam
703 2635 784 2679 vero
803 2615 918 2698 exegit
935 2620 1057 2680 sancta
1073 2616 1169 2699 virgo
1189 2615 1227 2678 in
1246 2614 1349 2681 domo

144 2716 219 2780 eius
241 2714 437 2797 biennium,
463 2717 557 2782 facta
581 2723 635 2783 est
658 2717 817 2799 praecise
843 2723 940 2783 aetas
967 2718 1042 2783 eius
1065 2716 1348 2801 quattuordecim

143 2839 329 2901 annorum,
352 2819 487 2886 incluso
506 2819 609 2885 simul
626 2825 782 2903 temporo
800 2842 868 2904 quo
892 2842 967 2886 eam
983 2822 1118 2904 recepit
1136 2820 1345 2906 (Iosephus).

651 3007 772 3074 Csrur
795 3007 838 3075 V.

227 3142 346 3208 Dilexi
370 3148 498 3228 (autem
525 3144 622 3210 illam
647 3145 817 3230 peculiari
840 3145 1001 3230 quodam)
1023 3146 1215 3213 voluntatis
1237 3154 1346 3232 motu,

143 3265 221 3310 cum
236 3244 460 3330 beneplacito
476 3248 587 3330 patris
604 3249 674 3313 mei
692 3254 727 3312 et
743 3248 891 3314 consilio
908 3249 1054 3332 spiritus
1071 3250 1195 3315 sancti.
1230 3250 1282 3316 Et
1296 3251 1346 3317 in·

141 3353 304 3413 carnatus
331 3348 383 3413 fui
411 3349 452 3415 de
479 3349 556 3432 illa,
582 3351 746 3435 mysterio
768 3357 1006 3417 creaturarum
1033 3353 1182 3418 rationis
1204 3360 1347 3437 captum

141 3457 340 3533 superante.
377 3450 447 3518 Sed
469 3453 599 3536 elapsis
621 3454 887 3538 acouceptione
909 3454 1023 3520 tribus
1040 3455 1221 3521 mensibus
1238 3456 1348 3524 rediit

139 3553 192 3617 vir
212 3554 326 3619 iustus
343 3554 538 3641 (Iosephus)
557 3556 693 3622 deloco
710 3555 771 3621 ubi
794 3562 904 3621 artem
921 3578 1018 3622 suam
1040 3560 1212 3640 exercuit3
1238 3565 1346 3643 atque

140 3654 201 3720 ubi
218 3656 452 3739 deprehendit
460 3659 630 3742 virginem
645 3664 789 3723 matrem
805 3680 916 3724 meam
932 3660 1118 3743 gravidam,
1136 3668 1254 3726 mente
1266 3682 1347 3727 con·

139 3759 300 3825 turbatus
334 3761 500 3843 cogitavit
529 3783 603 3827 eam
633 3760 830 3826 clanculum
860 3762 1048 3828 dimittere.
1096 3764 1187 3829 Prae
1217 3765 1345 3832 timore

140 3862 261 3942 etiam,
283 3863 430 3929 tristitia
450 3871 487 3930 et
506 3864 659 3948 pectoris
676 3864 730 3929 sui
751 3865 914 3948 angustia
930 3886 995 3931 nec
1018 3865 1121 3932 edere
1139 3888 1204 3932 uec
1219 3866 1345 3934 bibere

139 3963 200 4030 illo
221 3965 277 4031 die
295 3967 474 4032 sustinuit.

636 4135 756 4203 Osrur
779 4137 842 4205 VI.

224 4287 296 4356 Sub
308 4290 459 4356 medium
475 4296 591 4356 autem
601 4290 694 4356 diem
704 4293 868 4375 apparuit
883 4293 951 4375 ipsi
962 4293 1166 4376 angelorum
1176 4294 1345 4379 princeps

137 4398 279 4458 sanctus
300 4391 446 4460 Gabriel
462 4392 498 4457 in
516 4394 661 4476 somnio,
683 4394 846 4461 mandato
868 4396 1061 4462 instructus
1077 4397 1188 4480 patris
1205 4398 1286 4483 mei,
1309 4406 1346 4468 et
