2962 4912
136 310 196 356 m
601 294 874 347 protractam.

136 445 285 529 baptista
307 443 396 527 apud
417 445 542 510 inferos
563 445 645 510 dicit
666 444 740 509 Διὰ
762 441 866 509 τοῦτο
891 445 1084 508 ᾶωέσῐειλέ
1107 468 1148 527 με
1171 450 1221 508 καὶ
1244 444 1340 528 ωρὸσ

138 553 226 644 ῡμᾶσ
253 560 310 641 ipo
342 555 468 640 xapv'rpoc
499 563 589 621 ωῶσ
620 563 755 642 ἔρχεται
787 556 805 619 ὃ
833 556 1029 641 μομογεμὴσ
1058 555 1133 619 υῑόσ
1163 553 1226 620 τοῦ
1258 552 1340 621 θεοῦ

139 670 221 746 ὧδε,
239 672 297 755 'ipo
320 666 417 731 ὄστισ
440 668 612 752 ωιστεύσῌ
636 667 732 752 ωρὸσ
753 666 857 753 αὖτὸμ
881 667 1093 742 σωθήσεται,
1118 667 1217 730 ‹ic-vro
1238 669 1277 731 δὲ
1300 667 1337 732 oi

138 778 319 844 ωιστεὺσει
351 783 405 843 eus
435 777 538 863 αὖτὸμ
571 779 856 863 κατακριθήσεται.
907 778 983 862 Quo
1011 779 1046 842 in
1073 799 1109 843 re
1140 799 1240 863 grave
1267 800 1340 846 esse

139 899 220 976 puto
244 891 333 974 quod
360 891 527 974 baptistae
557 892 681 972 oratio,
713 891 811 974 plane
837 891 1045 957 conformata
1068 890 1111 956 ad
1132 891 1191 955 illa
1213 889 1341 958 Christi

137 1004 252 1086 verba,
278 1007 357 1087 post
377 1001 552 1087 mvovetcp
575 1003 701 1069 omittit
723 1007 773 1066 καὶ
802 1001 991 1084 Βαωτισθῇ,
1019 1004 1216 1086 praesertim
1239 1024 1341 1086 quum

138 1121 256 1181 auctor
286 1114 389 1180 libelli
423 1115 556 1180 omnino
585 1115 704 1181 doceat
734 1120 884 1180 mortuos
911 1115 976 1179 nisi
1004 1115 1190 1197 baptizatos
1218 1116 1262 1181 ad
1290 1136 1341 1181 aa·

138 1227 240 1293 lutem
277 1226 450 1309 pervenire
487 1247 555 1293 non
591 1246 697 1310 posse.
756 1225 805 1292 cf.
836 1226 959 1292 ibidem
990 1225 1057 1291 XI.
1093 1227 1266 1313 ωρότερομ
1304 1229 1341 1292 δὲ

140 1337 310 1422 ἆωελθεῖμ
340 1340 377 1423 ἐμ
405 1333 460 1424 τῷ
481 1336 630 1423 ‘topatus
658 1342 708 1401 uod
736 1335 974 1422 Βαωτισθῇμαι.
1024 1339 1118 1403 ὄωου
1146 1344 1196 1402 καὶ
1224 1339 1341 1403 ‹imea-

139 1449 264 1535 θόμτεσ
288 1450 544 1535 ἑθαωτίσθκμεμ
567 1456 629 1515 etc
674 1448 711 1516 Si
734 1451 837 1533 igitur
859 1450 946 1516 idem
964 1451 1152 1533 scripsisset
1165 1454 1342 1532 utramque

138 1562 215 1627 libri
237 1567 376 1644 partem,
399 1582 473 1627 eum
493 1561 628 1627 minime
644 1563 956 1644 praetermissurum
971 1562 1073 1627 fuisse
1088 1567 1170 1644 puto
1184 1563 1220 1626 in
1235 1561 1342 1627 altera

137 1673 219 1738 illud
243 1674 333 1756 quod
355 1675 389 1738 in
412 1675 524 1757 priore
546 1674 722 1756 posuisset.

226 1787 260 1867 5)
291 1785 345 1850 Ea
366 1805 452 1867 quae
479 1785 588 1867 capite
612 1783 711 1852 XVL
738 1786 828 1850 circa
849 1783 1046 1868 Symeonem
1073 1790 1248 1850 versantur
1276 1806 1342 1851 non

140 1902 218 1963 sunt
240 1896 401 1963 eiusmodi
422 1901 461 1960 nt
483 1900 652 1979 exspectes
672 1895 816 1961 fihorum
831 1896 1005 1979 Symeonis
1020 1896 1202 1962 historiam.
1233 1895 1342 1980 Quam

141 2010 169 2074 si
192 2014 309 2074 auctor
331 2007 453 2091 prioris
475 2007 581 2090 partis
604 2008 772 2073 inanimo
794 2007 979 2089 habuisset,
1001 2007 1067 2072 iam
1090 2029 1129 2074 eo
1152 2007 1226 2073 loco
1247 2028 1342 2090 prae·

140 2120 324 2204 parandam
350 2119 463 2201 aliquo
491 2119 590 2184 modo
612 2119 771 2185 duxisset.
813 2119 961 2185 Possunt
987 2118 1046 2183 illa
1066 2140 1145 2184 vero
1168 2120 1203 2183 in
1225 2139 1343 2185 caussa

141 2233 243 2298 uisse
270 2252 329 2296 cur
350 2230 436 2296 haec
454 2230 494 2295 de
517 2230 671 2296 redivivis
693 2231 835 2296 historia
856 2230 1091 2313 interpolatori
1112 2230 1155 2294 ad
1177 2229 1343 2313 complen-

141 2344 218 2409 dum
241 2341 446 2425 evangelium
468 2341 589 2407 idonea
611 2341 787 2406 videretur.

226 2454 321 2538 Quae
343 2474 445 2536 quum
472 2453 522 2518 ita
550 2474 621 2518 esse
648 2453 899 2534 intellexissem,
929 2453 978 2518 rei
1007 2452 1143 2517 criticae
1165 2472 1204 2515 eo
1228 2471 1344 2516 consu-

148 2566 284 2631 lendum
304 2564 448 2631 iudicavi
471 2570 509 2629 ut
530 2563 671 2629 alteram
690 2569 820 2646 partem
835 2564 878 2629 ab
893 2563 998 2629 altera
1013 2564 1197 2628 seiunctam
1212 2561 1345 2628 ederem

140 2677 350 2762 Quamquam
371 2680 523 2759 apertum
543 2681 593 2740 est
607 2674 785 2739 secundam
799 2680 937 2757 partem,
959 2673 1233 2757 quemadmodum
1250 2695 1346 2741 nunc.

142 2795 207 2870 est,
238 2807 305 2852 non
334 2786 417 2851 satis
444 2808 504 2869 per
532 2807 568 2850 se
596 2792 695 2850 stare.
739 2786 819 2853 Sola
841 2786 974 2868 quidem
1001 2807 1069 2850 non
1096 2786 1230 2851 inventa
1258 2787 1344 2870 est1)

141 2899 206 2964 nisi
228 2898 263 2961 in
286 2897 415 2963 duobus
438 2896 530 2962 codd.
554 2918 601 2979 gr.
617 2897 757 2963 Venetis
781 2895 881 2977 (Nan.
904 2899 974 2962 157.
997 2902 1031 2961 et
1055 2899 1148 2979 154),
1171 2903 1273 2980 atque
1295 2898 1346 2962 ita

142 3009 276 3094 quidem
298 3013 336 3073 ut
359 3030 399 3074 ex
422 3007 538 3075 Gestis
559 3007 663 3072 Pilati
685 3008 792 3073 altera
813 3013 909 3091 parte
934 3009 1001 3073 iam
1023 3009 1130 3073 auctis
1153 3008 1346 3091 decerptam

142 3141 213 3186 esse
237 3123 406 3203 appareat.
450 3118 547 3184 Unde
571 3118 780 3201 concluseris,
803 3140 875 3184 esse
897 3119 1076 3201 aliquando
1098 3119 1184 3184 hanc
1204 3118 1244 3184 de
1267 3119 1347 3184 filiis

141 3231 314 3316 Symeonis
345 3230 500 3296 redivivis
531 3230 706 3296 historiam
738 3230 997 3296 celebratissimo
1028 3230 1114 3296 libro
1146 3230 1186 3296 de
1217 3230 1346 3296 ultimis

142 3342 268 3410 Christi
290 3341 388 3406 rebus
411 3362 587 3407 annexam:
610 3342 699 3425 quod
722 3344 787 3407 nisi
810 3343 934 3408 factum
957 3349 1053 3423 esset,
1075 3341 1179 3407 videri
1202 3364 1276 3407 cum
1292 3348 1347 3408 tot

142 3454 216 3519 ahis
239 3453 371 3536 scriptis
393 3453 578 3536 perituram
599 3453 711 3521 fuisse.

228 3563 318 3631 Cum
334 3563 397 3629 hac
412 3565 452 3630 de
475 3565 604 3630 unitate
626 3565 702 3629 libri
726 3565 920 3647 quaestione
943 3565 1180 3648 coniungamus
1203 3565 1346 3631 alteram

142 3676 182 3741 de
205 3677 399 3760 integritate
419 3676 560 3742 duorum
576 3698 661 3760 quae
684 3676 845 3741 edidimus
868 3676 1088 3758 exordiorum,
1110 3677 1233 3759 quippe
1256 3677 1345 3742 unde

142 3807 342 3870 magnopere
370 3788 513 3871 pendeat
534 3809 636 3871 quum
664 3788 848 3854 auctoritas
871 3788 961 3852 tituli
984 3809 1023 3852 ex
1047 3808 1113 3871 quo
1136 3788 1345 3871 evangelium

228 3950 251 4017 ¹)
269 3954 367 4004 Latine
386 3956 470 4004 solam
488 3955 580 4004 inveni
599 3955 629 4004 in
647 3954 762 4004 historia
779 3954 936 4019 evangelica
955 3953 1055 4004 codicis
1070 3955 1238 4005 ambrosiani
1258 3955 1345 4016 aaa,

142 4054 174 4089 cx
192 4037 353 4102 apocryphis
373 4042 401 4087 et
418 4039 556 4089 canonicis
575 4039 705 4098 conflata,
730 4038 776 4088 ubi
800 4037 962 4097 „Ploratum
986 4043 1013 4088 et
1034 4038 1257 4089 lamentationem
1276 4055 1345 4105 quos

142 4121 262 4172 faciebat
280 4122 355 4186 virgo
374 4121 460 4171 blatis
478 4122 511 4171 de
529 4122 585 4173 iilic
605 4125 675 4172 suo“
700 4124 801 4186 excipit
824 4122 1028 4181 „Resuscitotic
1051 4121 1165 4171 tiliorum
1187 4124 1278 4174 uncti
1296 4123 1344 4189 ay-

142 4207 273 4256 meonis.⁴‘
308 4204 372 4270 Ipsa
390 4221 453 4256 uero
471 4208 569 4272 incipit
582 4207 670 4256 verbis
690 4207 731 4256 his
750 4207 801 4264 „ln
821 4207 961 4271 evangelio
980 4211 1068 4256 eutem
1083 4206 1223 4256 Nicodemi
1243 4209 1345 4274 legitur

143 4290 214 4355 quod
233 4288 359 4339 Cerrinus
377 4293 405 4340 et
423 4289 596 4341 Leontinum·
616 4297 669 4342 etc·
704 4291 775 4341 Hinc
795 4293 817 4341 is
836 4290 919 4340 codex
938 4306 993 4340 nou
1012 4291 1137 4340 valetud
1157 4293 1344 4355 quaestionem

141 4377 317 4442 propositam·
