2962 4912
416 282 463 332 Dll
480 281 693 332 Nanlvmra
711 281 855 332 naama.
884 279 957 331 clP.
976 280 1022 331 lx.
1258 282 1318 344 119

142 431 370 508 consulendum
392 432 542 514 putavit:
568 434 626 515 qui
648 432 844 516 respondit,
868 431 980 497 solum
1002 430 1102 496 illum
1124 452 1165 495 ex
1187 431 1241 499 his
1259 434 1319 517 qui

143 536 292 621 designati
317 540 419 599 erant
437 535 567 618 virgam
593 556 690 601 suam
712 557 782 601 non
808 534 969 600 attulisse
994 535 1049 600 cui
1071 535 1239 618 virginem
1263 537 1320 602 de·

141 659 284 729 sponsare
310 636 466 704 deberet.
512 638 679 704 Proditus
705 640 824 722 itaque
852 646 905 704 est
933 639 1072 722 Ioseph.
1114 636 1202 704 Oum
1227 641 1320 705 enim

140 750 247 829 virgam
263 761 360 807 suam
378 742 559 808 attulisset
580 749 616 807 et
636 743 672 806 in
691 744 869 807 cacumine
888 744 964 808 eius
983 742 1144 808 columba
1161 743 1202 808 de
1221 745 1317 810 caelo

139 850 260 916 veniens
281 845 515 927 consedisset,
537 845 673 929 liquido
696 846 857 911 omnibus
879 848 995 929 patuit
1018 848 1049 912 ei
1070 847 1240 930 virginem
1263 847 1319 912 de·

138 947 447 1037 sponsandamfore.
481 947 617 1032 ²Igitur
627 949 883 1032 sponsaliorum
894 950 969 1014 iure
981 949 1023 1014 de
1035 970 1128 1014 more
1142 949 1318 1016 celebrato

137 1059 197 1142 ipse
226 1051 366 1136 quidem
396 1053 431 1117 in
456 1052 641 1117 Bethleem
672 1052 807 1118 recedit
833 1054 1024 1134 civitatem,
1057 1055 1196 1120 domum
1221 1076 1318 1120 suam

138 1156 353 1242 dispositurus
371 1162 405 1219 et
420 1156 554 1238 nuptiis
571 1157 772 1220 necessaria
787 1163 1049 1239 procuraturus.
1076 1157 1184 1242 Virgo
1201 1165 1318 1224 autem

138 1259 249 1330 domini
264 1257 380 1323 Maria
396 1279 472 1323 cnm
492 1258 572 1323 aliis
590 1266 724 1342 septem
739 1260 933 1343 virginibus
951 1260 1087 1326 coaevis
1104 1267 1139 1326 ot
1156 1261 1319 1328 collacta-

139 1365 207 1443 neis,
222 1369 306 1445 qdas
324 1381 344 1426 a
360 1360 541 1425 sacerdote
559 1368 753 1444 acceperat,
771 1361 815 1427 ad
826 1361 964 1428 domum
980 1369 1165 1445 parentum
1176 1385 1318 1430 suorum

139 1491 167 1534 ιι
181 1464 365 1532 Galilaeam
382 1483 520 1527 reversa
537 1469 600 1528 est.

612 1683 733 1750 Onrun
756 1684 823 1749 IX.

207 1855 295 1920 ¹His
321 1878 401 1922 vero
426 1857 566 1937 diebus,
593 1858 704 1940 primo
729 1856 865 1922 scilicet
887 1857 1057 1922 adventus
1081 1859 1136 1923 sui
1162 1859 1197 1923 in
1222 1857 1318 1925 Gali-

141 1965 227 2030 laeam
243 1965 409 2043 tompore,
430 1961 557 2025 missus
575 1960 688 2025 estad
706 1981 780 2026 eam
797 1959 942 2044 angelus
962 1958 1108 2026 Gabriel
1128 1961 1240 2044 adeo,
1258 1963 1318 2045 qui

140 2068 164 2132 ei
176 2067 374 2145 conceptum
391 2062 603 2128 dominicum
620 2068 779 2127 narraret
798 2068 833 2126 et
850 2063 1092 2146 conceptionis
1108 2063 1162 2128 vel
1178 2063 1318 2129 modum

140 2170 178 2237 rel
192 2168 344 2235 ordinem
362 2173 561 2250 exponeret.
585 2167 750 2250 Denique
767 2168 947 2251 ingressus
964 2167 1008 2232 ad
1026 2188 1100 2231 eam
1119 2166 1317 2232 cubiculum

141 2271 255 2360 quidem
271 2270 333 2335 ubi
350 2272 513 2337 manebat
528 2272 665 2355 ingenti
682 2271 812 2335 lumine
830 2269 996 2353 perfudit,
1020 2270 1131 2353 ipsam
1146 2292 1226 2336 vero
1243 2292 1319 2354 gra·

139 2375 310 2444 tentissime
328 2373 485 2439 salutans
497 2374 598 2439 dixit:
623 2371 697 2440 Ave
709 2374 834 2454 Maria,
851 2374 946 2457 virgo
959 2374 1090 2440 domini
1108 2374 1316 2457 gratissima,

139 2481 210 2563 virgo
225 2477 339 2561 gratia
354 2476 469 2559 plena,
488 2477 649 2542 dominus
662 2485 786 2557 tecum,
803 2476 991 2541 benedicta
1006 2483 1044 2541 tu
1055 2497 1138 2559 prae
1157 2476 1317 2541 omnibus

140 2579 330 2661 mulieribus,
347 2578 534 2644 benedicta
546 2601 629 2663 prae
643 2579 803 2644 omnibus
820 2578 989 2644 hactenus
1002 2579 1093 2643 natis
1103 2578 1315 2643 hominibus.

139 2684 244 2765 'Virgo
261 2688 379 2746 autem
390 2702 478 2764 quae
496 2669 564 2746 iam
581 2681 760 2764 angelicos
771 2681 859 2745 bene
872 2686 1015 2746 noverat
1025 2681 1140 2746 vultus
1153 2690 1188 2746 et
1198 2681 1315 2746 lumen

140 2786 265 2852 caeleste
283 2784 461 2848 insuetum
477 2805 547 2848 non
559 2784 721 2866 habebat,
742 2805 855 2867 neque
873 2784 1176 2867 angelicavisione
1194 2786 1318 2849 territa

140 2908 228 2972 neque
249 2887 392 2951 luminis
409 2887 650 2970 magnitudine
669 2887 881 2969 stupefacta,
906 2886 967 2951 sed
991 2888 1027 2950 in
1052 2887 1126 2952 solo
1151 2888 1226 2952 eius
1248 2909 1318 2952 ser·

139 3011 217 3055 none
233 2989 375 3055 turbata
392 2997 460 3069 est,
483 2997 517 3055 et
534 2992 688 3074 cogitare
707 2991 823 3073 coepit
840 2989 954 3073 qualis
975 2990 1044 3055 ista
1065 2989 1230 3055 salutatio
1247 2996 1317 3054 tam

139 3092 257 3158 insolita
278 3113 355 3157 esse
377 3099 497 3174 posset
514 3093 639 3176 quidve
662 3092 890 3176 portenderet
905 3092 959 3156 vel
976 3114 1079 3176 quem
1097 3092 1200 3157 finem
1223 3097 1318 3157 esset

138 3195 286 3261 habitura.
310 3194 406 3260 Huic
422 3197 628 3278 cogitationi
645 3196 791 3279 angelus
803 3195 971 3261 divinitus
988 3197 1181 3279 inspiratus
1200 3216 1318 3261 occur·

138 3319 211 3364 rens:
231 3297 284 3364 Ne
301 3300 437 3378 timeas,
455 3299 581 3382 iuquit,
599 3298 723 3381 Maria,
742 3299 842 3382 quasi
858 3297 993 3380 aliquid
1005 3300 1218 3364 contrarium
1235 3304 1316 3363 tuae

138 3403 267 3467 castitati
288 3400 352 3466 hac
375 3401 587 3467 salutatione
609 3408 820 3486 praetexam.
857 3400 1029 3466 Invenisti
1052 3403 1144 3466 enim
1166 3402 1317 3487 gratiam

137 3504 210 3587 apud
228 3504 420 3585 dominum,
443 3505 526 3588 quia
549 3505 747 3570 castitatem
769 3503 924 3586 elegisti:
948 3503 1098 3588 ideoque
1120 3505 1216 3587 virgo
1239 3504 1314 3568 sine

137 3746 564 3810 desp.receres1·¹⁸br.vsll.rhi1.
584 3763 632 3798 noc
651 3749 732 3797 aliter
744 3747 804 3797 Par.
828 3746 957 3810 Equidem
976 3747 1075 3795 utiam
1094 3747 1122 3795 in
1140 3746 1180 3795 ed.
1199 3747 1248 3810 pri.
1268 3763 1315 3810 pro

137 3833 171 3895 qs·
179 3833 297 3882 substitui
311 3834 360 3880 cui.
375 3831 379 3898 Ι
394 3832 452 3882 Par.
466 3838 504 3883 act
516 3835 602 3898 itaque

190 3921 210 3968 2.
226 3919 425 3983 sponsaliorum.-
443 3920 482 3968 ita
495 3935 526 3969 ex
539 3919 598 3981 Par.
612 3918 742 3969 dedimus.
768 3918 856 3968 Antea
868 3919 1016 3982 nuptiarum
1029 3917 1166 3967 edebatur.
1182 3916 1185 3983 l
1200 3919 1226 3967 in
1242 3919 1316 3968 Geli·

138 4001 203 4053 laeca
214 4013 243 4055 nt
259 4005 329 4054 Vall.
347 4009 376 4054 et
392 4004 466 4064 Par.;
488 4004 565 4054 Febr.
584 4012 612 4055 et
629 4004 700 4054 Thil.
722 4005 749 4053 in
769 4004 892 4070 Galilaea
911 4002 914 4068 Ι
932 4008 1026 4068 septem
1042 4003 1196 4068 virginibus:
1219 4004 1254 4054 of.
1271 4004 1315 4052 Ps.

140 4089 217 4141 llattb.
232 4091 311 4148 Vlll,
329 4093 354 4140 5.

192 4177 231 4236 lx,
248 4180 322 4226 1-4.
348 4175 388 4226 cf.
402 4177 445 4226 Pa.
458 4177 557 4226 Mattb.
572 4176 617 4226 Ill.

194 4267 213 4312 1.
229 4265 253 4312 ta
268 4263 427 4313 Galilaeam:
444 4262 502 4312 Par.
516 4278 566 4312 om.
586 4261 590 4327 l
609 4261 668 4312 Par.
686 4263 730 4327 qui
747 4263 770 4311 ei
787 4266 811 4310 et
830 4261 834 4326 j
851 4263 1057 4326 gratantissime.-
1075 4262 1133 4312 Par.
1148 4259 1313 4328 gratissime!

143 4345 247 4399 benedicta
258 4365 309 4399 sec.
321 4350 395 4398 loco:
415 4349 474 4398 Par.
488 4365 538 4398 om.

196 4439 216 4486 2.
229 4440 386 4500 prwteaam:
403 4436 462 4485 Par.
471 4439 635 4501 proauum
647 4432 709 4498 (sic)
