3000 4912
181 327 269 371 xxlv
648 310 921 364 Psouscoueue.
937 384 943 398 ·

182 469 268 526 runt.
321 461 398 527 Hoc
435 463 471 526 in
507 483 627 527 caussa
661 461 764 527 fuisse
795 461 925 527 videtur
961 483 1019 527 cur
1055 464 1089 526 in
1121 462 1242 528 celebri
1273 463 1382 529 edicto

181 572 313 641 Gelaeii
344 594 410 638 non
440 573 537 638 modo
568 575 753 659 mespelium
785 574 867 655 sive,
897 574 996 639 utin
1024 574 1098 638 aliis
1127 574 1295 639 codicibus
1321 581 1382 657 est,

181 686 337 770 eranqelr'a
363 689 482 749 nomine
505 687 610 749 lucebi
637 692 670 750 et
696 686 850 772 euanqelia
878 689 995 749 nomine
1022 687 1172 766 Theonoe,
1204 685 1262 750 sed
1288 706 1382 768 prae·

181 800 274 861 teres
301 797 402 861 etiam
429 799 503 861 liber
530 800 566 861 de
594 801 728 882 insontia
754 799 924 863 salvatores
946 804 1048 881 atqua
1070 798 1150 863 item
1173 799 1246 861 liter
1267 800 1304 860 de
1324 821 1381 861 na·

181 911 293 971 tivitote
318 909 489 973 &loceris
509 920 539 972 et
559 912 595 973 de
616 908 726 973 Mario
748 911 796 973 vet
814 912 967 973 obstetrice
992 909 1027 973 in
1050 909 1247 993 apocryphis
1269 928 1381 973 recen-

181 1024 295 1083 sentur
307 1021 341 1102 ¹).
387 1019 481 1105 Quae
506 1021 670 1085 sententia
692 1021 853 1104 probatur
875 1021 1005 1086 ratione
1027 1020 1186 1086 librorum
1201 1020 1381 1085 latinorum

180 1130 239 1212 qui
261 1130 304 1195 ad
327 1129 470 1197 aetatem
493 1137 641 1197 nostram
656 1138 891 1213 pervenerunt:
915 1152 1028 1197 eorum
1044 1132 1131 1197 enim
1147 1132 1257 1196 nullus
1272 1132 1381 1213 ipsum

179 1241 298 1307 Iacobi
322 1242 526 1326 evangelium
548 1250 704 1309 accurate
726 1265 857 1309 versum
879 1244 1038 1325 continet,
1068 1243 1126 1309 sed
1149 1241 1308 1308 eiusmodi
1330 1264 1381 1307 re·

180 1355 399 1420 tractationes
410 1376 495 1436 quae
511 1355 607 1420 modo
616 1356 714 1437 plura
729 1356 826 1421 modo
835 1355 995 1439 pauciora
1007 1355 1295 1437 comprehendant,
1305 1353 1381 1419 aliis

179 1464 220 1530 de
243 1466 383 1531 consilio
408 1465 544 1550 additis,
571 1465 646 1532 aliis
669 1473 765 1532 caute
788 1466 922 1548 demtis,
949 1466 1024 1532 aliis
1046 1488 1105 1549 per
1127 1465 1235 1530 lusum
1256 1466 1380 1549 ingenii

179 1576 398 1659 exaggeratis,
414 1598 570 1659 graecum
585 1583 712 1643 textum
727 1578 833 1662 magis
848 1577 1034 1643 imitatione
1050 1578 1270 1660 exprimentes
1279 1598 1380 1660 quam

179 1686 288 1769 ipsum
310 1687 496 1753 reddentes.

266 1796 440 1881 Quadrant
458 1799 544 1865 baec
563 1800 598 1865 in
614 1807 791 1895 utrumque
805 1799 993 1866 libellorum
1008 1822 1096 1865 nunc
1110 1801 1218 1884 ipsum
1241 1823 1262 1866 a
1282 1801 1379 1866 nobis

180 1908 359 1990 editorum,
389 1932 528 1994 quorum
556 1912 640 1977 alter
662 1911 770 1994 qualis
797 1933 885 1976 nunc
911 1917 963 1977 est
990 1913 1131 1994 primum
1159 1918 1273 1976 nostra
1300 1932 1380 1976 cura

179 2018 299 2103 prodit,
322 2021 408 2086 alter
431 2022 553 2088 dudum
576 2045 597 2088 a
618 2023 767 2106 pluribus
791 2023 898 2087 editus
920 2030 978 2088 est.
1022 2023 1171 2088 Primum
1194 2023 1381 2089 accuratius

179 2130 220 2196 de
254 2130 310 2197 illo
341 2133 528 2217 rideamus,
565 2156 662 2218 quem
695 2134 1090 2200 Pseudo-Matthaei
1127 2134 1380 2217 evangelium

179 2241 330 2308 diximus.
367 2245 488 2312 Priora
511 2247 581 2311 eius
600 2247 711 2330 capita
727 2247 845 2329 viginti
861 2251 1004 2329 quatuor
1026 2246 1094 2310 iam
1116 2250 1192 2310 ante
1214 2267 1266 2310 me
1281 2244 1379 2310 Thilo

180 2354 284 2420 edidit
311 2377 352 2420 ax
380 2356 491 2422 codice
514 2357 711 2442 Parisiensi‚
740 2357 833 2422 ouius
861 2357 985 2421 mentio
1012 2356 1114 2421 etiam
1140 2355 1229 2438 apud
1251 2355 1381 2422 Cotele·

178 2465 300 2548 rium²)
330 2466 419 2533 facta
447 2473 510 2548 est,
540 2468 600 2533 sub
627 2468 725 2533 titulo
748 2468 908 2533 historiae
931 2467 971 2531 de
993 2468 1168 2532 nativitate
1191 2467 1323 2532 Mariae
1346 2474 1380 2533 et

179 2576 219 2642 de
246 2576 390 2643 infantia
412 2579 603 2646 salvatoris.
647 2579 704 2644 Ab
735 2578 859 2645 edendo
887 2579 953 2644 alio
982 2578 1129 2644 eiusdem
1155 2579 1378 2645 bibliothecae

178 2688 290 2753 codice
314 2690 370 2770 qui
399 2690 441 2754 ad
468 2691 573 2756 nostri
602 2697 713 2756 textus
741 2697 775 2757 et
798 2690 958 2756 ambitum
986 2698 1020 2755 at
1047 2692 1212 2755 rationem
1243 2690 1379 2773 propius

179 2799 314 2880 accedit,
337 2800 503 2866 abstinere
524 2802 653 2882 maluit,
677 2824 778 2884 quum
801 2824 875 2867 eam
896 2801 938 2867 ob
954 2822 1105 2866 caussam
1121 2801 1208 2884 quod
1229 2801 1379 2882 „fabulas

178 2931 314 2993 graecas
340 2912 464 2992 partim
491 2912 533 2976 ab
562 2919 697 2977 auctore
726 2914 793 2977 sive
825 2914 1007 2995 interprete
1038 2911 1142 2977 latino
1173 2913 1377 2993 ineptissime

179 3020 397 3102 amplificatas
424 3022 539 3102 vidit,“
569 3029 639 3087 tum
667 3023 757 3107 quod
786 3022 898 3105 „haud
925 3044 1049 3105 paucos
1076 3023 1166 3089 locos
1189 3045 1209 3088 a
1230 3023 1377 3089 librariis

177 3132 228 3196 ita
250 3131 447 3215 depravatos
474 3134 610 3201 offendit
633 3142 671 3200 ut
694 3156 825 3200 sensum
848 3135 1021 3219 verborum
1043 3157 1084 3201 ne
1107 3133 1284 3200 divinando
1308 3137 1378 3218 qui-

180 3242 254 3308 dem
284 3245 414 3327 assequi
446 3249 591 3327 posset.“
611 3277 620 3299 ο
642 3245 714 3311 Nos
742 3268 820 3312 vero
849 3268 949 3329 quum
979 3247 1015 3311 in
1045 3247 1164 3311 itinere
1196 3247 1310 3313 italico
1344 3249 1378 3313 in

180 3353 262 3419 duos
289 3355 516 3421 incidissemus
544 3357 673 3422 codices
697 3356 836 3423 eundem
858 3358 979 3422 librum
1001 3359 1125 3440 passim
1149 3358 1282 3442 quidem
1304 3380 1379 3425 oum

178 3487 299 3549 magna
329 3471 441 3532 textus
473 3466 660 3534 differentia
694 3469 916 3549 continentes,
954 3474 1132 3552 utrumque
1164 3470 1291 3535 curiose
1323 3470 1377 3535 de·

179 3578 371 3661 scripsimus
402 3585 504 3663 atque
537 3601 625 3645 nunc
652 3580 830 3646 edidimus:
861 3581 1016 3645 nimirum
1047 3580 1234 3646 fabularum
1264 3582 1378 3663 ampli·

266 3784 288 3849 ¹)
307 3786 348 3837 Cf.
362 3786 492 3838 Credam:
512 3788 563 3838 Zur
581 3788 745 3847 Geeehichte
764 3789 811 3839 dee
830 3789 950 3848 Kenone,
968 3804 1028 3853 peg.
1041 3789 1100 3838 215.
1113 3789 1173 3841 217.
1207 3789 1316 3839 Decreti
1330 3789 1380 3839 Ge·

178 3873 276 3922 letieni
299 3872 328 3935 ἐξ
347 3874 364 3922 9
383 3880 411 3923 et
431 3876 473 3924 16.

264 3956 347 4021 iles.
366 3959 399 4010 ad
419 3959 537 4011 constit.
557 3965 646 4027 apost.
661 3961 711 4019 Vl,
731 3961 773 4011 17.
808 3960 866 4011 Noe
887 3962 952 4010 enim
974 3977 1039 4010 seue
1055 3961 1183 4009 duntaxat
1202 3961 1291 4010 nebulo
1309 3961 1380 4010 ciere

181 4045 329 4096 emerere
351 4047 490 4112 inescatione
515 4048 667 4098 comminisci
690 4047 739 4096 eibi
758 4047 892 4111 permitit,
918 4047 962 4096 red
980 4047 1089 4096 eiusdem
1113 4046 1145 4108 (i.
1164 4061 1187 4096 e.
1206 4046 1379 4106 Parisieneie)

180 4132 344 4182 bibliothecae
367 4134 451 4183 codiee
469 4134 546 4184 2276.
573 4134 668 4198 tepiter
691 4134 794 4199 incipit
817 4134 930 4184 historie
949 4133 982 4182 de
1002 4134 1120 4183 Ioechim
1139 4138 1167 4183 et
1185 4135 1274 4193 Anne,
1300 4133 1380 4184 etde

180 4220 325 4270 nativitete
349 4221 374 4271 b.
394 4220 437 4270 dei
462 4221 602 4286 genitricis
626 4236 783 4286 semperque
806 4221 931 4285 virginis,
957 4225 985 4270 et
1003 4219 1036 4270 de
1059 4220 1176 4269 infantie
1195 4219 1351 4270 salvatoris.
1370 4245 1380 4256 ·

181 4303 271 4353 Godiee
288 4321 347 4354 oero
367 4306 442 4355 1697.
466 4309 552 4354 exstat
574 4305 639 4354 liber
658 4309 778 4369 tauquam
797 4305 927 4354 Matthaei
948 4303 1119 4367 compeliatur
1141 4303 1175 4353 de
1194 4303 1311 4353 intentis
1329 4305 1381 4353 eal·

179 4389 289 4447 vetoris,
307 4390 468 4440 meratime
485 4406 539 4438 cem
553 4390 765 4453 praecedentibus
778 4390 878 4454 partim
895 4389 987 4439 emere
1000 4388 1099 4451 partim
1116 4388 1250 4437 diemmite'e
1267 4393 1321 4438 etc.
