2962 4912
598 361 872 414 Paouuaouaua
978 373 981 382 ·
1241 377 1342 424 nxvn

139 531 195 594 gns
224 510 373 576 debetur.
417 511 513 577 Haeo
544 532 611 577 non
642 513 690 577 ita
721 513 826 579 multo
857 514 1025 596 posterior
1057 534 1096 578 ea
1126 519 1236 579 aetate
1268 534 1339 579 esse

140 621 266 687 ridetur
294 643 372 705 qua,
393 623 611 707 archetypum
641 624 832 690 hebraicum
863 631 1033 708 repertum
1062 630 1096 690 et
1124 625 1158 688 in
1185 645 1341 706 graecum

138 733 336 799 tanslatum
359 734 394 798 in
416 734 489 817 ipso
512 734 651 818 prologo
674 733 819 818 fingitur.
850 735 1013 819 Alioquin
1036 735 1129 800 nulla
1150 756 1268 801 caussa
1290 740 1341 801 est

139 864 192 907 cur
219 842 285 909 hoc
313 845 523 927 potissimum
547 845 590 910 sit
612 852 742 928 tempus
765 847 919 929 positum.
964 845 1005 910 Iu
1029 868 1240 913 numerorum
1261 867 1340 912 vero

138 954 190 1038 qui
219 959 366 1021 aetatem
393 956 581 1038 significant
603 957 765 1022 varietate
788 961 888 1039 atque
917 957 1134 1040 ambiguitate
1161 956 1341 1022 tenendum

137 1071 216 1149 puto
240 1064 305 1131 hoc
320 1066 409 1149 quod
432 1067 716 1150 septimodecimo
741 1088 827 1133 anno
844 1066 1024 1133 Theodosii
1039 1067 1088 1148 H,
1110 1090 1208 1151 quem
1228 1071 1340 1134 textus

137 1183 167 1242 et
188 1197 330 1260 graecus
353 1184 387 1243 et
410 1183 527 1261 coptus
551 1178 661 1259 refert,
685 1178 790 1244 latino
806 1178 875 1244 fere
893 1200 960 1244 non
976 1179 1202 1260 dissentiente,
1216 1178 1339 1246 Valen-

138 1288 303 1353 tinianum
325 1287 393 1354 ΙΠ.
421 1290 455 1354 in
484 1290 679 1356 societatem
706 1290 799 1373 regni
828 1290 993 1355 adscitum
1020 1290 1171 1355 historici
1193 1290 1340 1355 tradunt.

137 1398 225 1464 Hinc
248 1400 341 1466 brevi
364 1406 441 1483 post
463 1422 586 1466 annum
609 1400 734 1466 Christi
757 1405 829 1466 424.
851 1401 1047 1467 retractatio
1070 1400 1128 1495 illa
1150 1401 1258 1466 locum
1280 1402 1340 1466 ha·

136 1510 245 1576 buiase
269 1510 408 1575 videtur.

219 1619 296 1686 Iam
319 1622 434 1704 paucis
456 1621 502 1687 dc
531 1623 662 1688 altera
690 1621 892 1705 evangelii
915 1620 1124 1688 Nicodemi
1151 1627 1267 1704 parte
1290 1621 1337 1687 di-

139 1752 260 1797 camus.
292 1732 458 1799 Versatur
481 1733 516 1797 in
539 1753 578 1798 eo
602 1738 640 1797 ut
662 1732 772 1799 tradat
793 1731 937 1799 filiorum
953 1730 1126 1816 Symeonis
1148 1733 1339 1799 testimonia

139 1851 177 1908 de
192 1841 319 1909 Christi
342 1843 441 1909 rebus
463 1844 552 1927 apud
574 1843 697 1910 inferos
719 1845 830 1929 gestis.
860 1843 944 1912 Cum
959 1844 1063 1910 Pilati
1081 1845 1165 1910 actis
1182 1845 1339 1911 cohaeret

138 1957 182 2020 ita
208 1960 248 2020 ut
276 1956 505 2021 testimonium
527 1955 616 2039 quod
639 1957 674 2021 in
701 1955 754 2022 his
776 1963 828 2022 est
851 1956 890 2022 de
913 1955 1047 2024 Christo
1071 1977 1111 2022 ex
1133 1958 1273 2022 mortuis
1295 1955 1338 2022 ad

140 2066 225 2131 vivos
250 2086 384 2132 reverso
412 2088 478 2133 non
501 2066 599 2132 modo
627 2067 800 2133 confirmet
822 2067 878 2133 sed
902 2069 1002 2133 etiam
1024 2067 1196 2150 compleat
1240 2065 1338 2151 Quod

138 2176 263 2244 duobus
292 2177 397 2243 modis
424 2177 477 2261 fit,
505 2172 606 2262 quum
630 2178 720 2261 quod
743 2178 912 2244 Christum
940 2200 1009 2244 non
1035 2178 1142 2244 solum
1169 2179 1277 2260 ipsum
1302 2179 1337 2242 in

138 2289 234 2353 vitam
256 2287 522 2374 redisse,rerum
546 2291 647 2355 etiam
670 2290 753 2357 alios
776 2311 887 2356 secum
909 2291 944 2355 in
966 2291 1068 2355 uitam
1090 2309 1261 2355 revocasse
1281 2288 1338 2355 do·

139 2405 200 2482 cet,
225 2406 299 2465 tum
327 2399 419 2482 quod
446 2399 538 2466 illum
568 2402 680 2466 statim
708 2405 886 2484 postquam
914 2402 1058 2466 animam
1085 2401 1120 2464 in
1149 2421 1245 2466 cruce
1270 2399 1337 2467 edi·

139 2509 235 2575 disset
258 2512 426 2578 mirabilia
449 2513 537 2596 apud
558 2512 684 2578 inferos
706 2514 848 2596 gessisse
871 2519 993 2578 narrat.
1038 2511 1136 2597 Quod
1158 2518 1333 2594 utrumque

140 2643 234 2704 quum
262 2621 465 2689 Iudaeorum
494 2623 729 2707 christologiae
759 2646 843 2707 quae
871 2625 958 2689 cirea
984 2622 1062 2688 Iesu
1090 2628 1233 2690 aetatem
1261 2629 1335 2688 erat

137 2754 268 2815 prorsus
298 2735 494 2800 conveniens
523 2736 568 2800 sit
579 2737 615 2820 ¹),
647 2739 681 2800 et
703 2736 980 2801 resurrectionem
1001 2735 1143 2818 primam
1170 2737 1335 2799 iustorum

138 2851 166 2910 et
196 2844 393 2910 descensum
424 2845 572 2911 Moesiae
604 2846 645 2911 ad
677 2846 802 2911 inferos
833 2846 977 2930 docenti,
1008 2846 1105 2911 facile
1136 2846 1335 2930 intelligitur

139 2956 307 3021 consilium
332 2958 478 3023 auctoris
500 2957 605 3024 libelli
624 2979 691 3023 non
707 2959 756 3022 ita
771 2958 934 3023 diversum
949 2959 991 3024 ab
1007 2959 1091 3023 actis
1105 2957 1208 3022 Pilati
1223 2957 1335 3022 finisse.

138 3067 220 3133 Nam
235 3069 339 3134 etiam
355 3069 409 3134 his
424 3070 522 3135 rebus
539 3069 707 3136 Christum
724 3069 924 3134 satisfecisse
939 3068 1141 3136 Iudaeorum
1156 3068 1196 3134 de
1207 3067 1335 3133 Messia

138 3200 192 3244 suo
214 3181 457 3262 exspectationi
480 3180 658 3263 populares
681 3201 758 3245 suos
776 3179 924 3245 docebat.
963 3179 1061 3266 Quod
1077 3185 1280 3263 quantopere
1299 3180 1333 3243 in

137 3291 168 3354 in
189 3291 296 3374 ipsam
320 3296 465 3356 aetatem
488 3292 706 3373 apostolicam
730 3291 885 3374 quadret,
913 3313 954 3357 ne
983 3297 1077 3356 extra
1104 3312 1273 3355 sacrorum
1295 3290 1333 3354 li·

139 3402 267 3466 brorum
289 3404 451 3468 terminos
473 3402 690 3485 egrediamur,
716 3403 878 3485 probatur
900 3404 982 3467 locis
1004 3402 1126 3467 Matth.
1149 3404 1199 3484 27,
1222 3404 1262 3466 52
1286 3424 1334 3485 sq.

136 3511 218 3595 Eph.
242 3517 277 3597 4,
300 3517 319 3579 8
344 3536 391 3598 sq.
439 3517 453 3578 1
478 3513 570 3578 Petr.
594 3516 627 3597 3,
653 3517 691 3579 18
715 3536 776 3597 sq.,
805 3535 959 3597 quorum,
987 3513 1101 3578 addito
1125 3513 1236 3578 Lucae
1261 3514 1333 3579 loco

136 3625 187 3707 23,
209 3628 276 3706 43.,
305 3625 386 3690 haec
408 3631 481 3691 tota
502 3624 647 3691 filiorum
671 3624 845 3708 Symeonis
870 3625 1011 3689 historia
1038 3624 1335 3690 luculentissimum

136 3737 407 3802 commentarium
431 3737 572 3800 exhibet.

218 3845 403 3930 Quaerenti
430 3847 562 3931 quando
592 3853 625 3911 et
653 3869 673 3911 a
701 3867 843 3929 quonam
870 3845 1003 3911 libellus
1032 3846 1094 3910 iste
1126 3846 1335 3928 conscriptus

136 3959 194 4041 sit,
236 3959 504 4024 coniecturarum
548 3980 683 4042 campus
719 3958 880 4022 latissime
916 3962 1019 4039 patet.
1078 3955 1269 4022 Sermonem
1306 3958 1335 4020 si

136 4075 278 4152 spectas,
309 4092 384 4135 mea
407 4070 735 4155 quidem-sententia
762 4068 844 4134 nihil
872 4069 1034 4151 estquod
1062 4069 1223 4152 originem
1251 4068 1334 4132 actis

137 4179 236 4245 Pilati
258 4187 317 4246 aut
332 4181 449 4248 Iacobi
474 4182 646 4265 evangelio
665 4181 885 4265 posteriorem
907 4181 1035 4263 probet.
1079 4179 1235 4245 idearum
1256 4199 1335 4244 vero

220 4433 242 4499 l)
262 4434 304 4486 Cf.
323 4435 484 4485 Bartholdt:
512 4435 685 4498 Otrietologr'a
704 4435 854 4483 ludaeorum
873 4436 926 4484 ete.
947 4431 976 4495 55
994 4435 1028 4501 β4
1047 4437 1075 4482 ct
1092 4433 1133 4481 35.

1003 4530 1120 4583 000002
