2962 4912
563 303 651 354 κατι
669 304 796 360 mm.
814 309 846 357 ιι.
867 307 938 357 xv1.
1288 306 1352 370 285

239 458 252 496 ⁸
266 457 335 523 Καὶ
350 455 494 540 ύμμιισεμ
510 449 589 518 ωᾶσ
605 455 623 518 ὁ
637 455 730 520 λαὸσ
744 455 803 541 τόμ
823 455 928 540 κύριομ
945 460 995 519 καὶ
1012 459 1128 540 εἷωεμ·
1153 455 1350 542 εύλογιιτὸσ

149 567 277 652 κύριοσ,
299 566 343 631 ὄσ
358 568 486 650 ἕδωκεμ
502 566 716 652 κατάωαυσιμ
732 560 786 652 τῷ
801 560 881 650 λαῷ
891 565 1029 650 Ἰσραέιλ
1046 566 1132 630 κατὰ
1147 566 1268 651 ωὰμτα
1285 568 1351 632 ὅσα

150 680 344 763 ἑλάλιισεμ·
368 677 425 743 οῦκ
441 684 574 762 ἔωεσεμ
591 671 677 762 ριῖμα
698 683 735 762 ἓμ
752 677 826 741 dm&
840 679 983 762 ωαμτόσ
1000 677 1152 763 ριἰματοσ
1168 673 1352 744 αὐτοῦτοῦ

150 784 288 876 ἀγαθοῦ
306 789 373 853 ὅσα
395 788 568 873 ἑλάλιισεμ
589 783 726 872 Μαιύσῇ
752 784 806 872 τῷ
830 789 945 870 δούλῳ
968 783 1083 852 αὐτοῦ.
1120 794 1170 852 εἲίι
1198 789 1307 873 κύριοσ
1335 789 1353 855 ὃ

150 900 234 964 θεὸσ
255 898 350 986 ιἰμῶμ
367 899 433 985 μεθ’
461 894 555 984 ιἰμαδμ
577 900 695 962 καθὼσ
718 891 757 984 ἷιμ
779 899 866 983 μετὰ
884 895 960 984 ταδμ
980 902 1147 984 ωατέραιμ
1175 895 1286 985 ύμαδμ·
1310 901 1352 985 μι“ι

149 1011 318 1095 ᾶωολέσιρ
340 1006 439 1095 ιἰμᾶσ.
472 1015 522 1075 καῖ
544 1009 586 1094 μι“ι
609 1009 775 1094 ἃωολέσιρ
797 1004 887 1093 ιῖμᾶσ
906 1004 968 1073 τοῦ
984 1015 1088 1094 κλῖμαι
1105 1013 1235 1097 καρδίαμ
1256 1007 1351 1099 ᾗμῶμ

149 1121 246 1206 ωρὸσ
261 1122 382 1207 αὐτόμ,
404 1117 465 1186 τοῦ
481 1116 688 1206 ωορευθΐιμαι
710 1115 800 1204 ύμᾶσ
822 1121 859 1205 ἑμ
881 1119 1017 1184 ωύσαισ
1033 1127 1112 1184 ταῖσ
1128 1120 1221 1186 ὅδοῖσ
1237 1118 1353 1199 αὐτοῦ,

150 1228 213 1297 τοῦ
228 1232 418 1318 ᾠυλύσσειμ
435 1235 503 1297 τὰσ
518 1231 671 1317 ἑμτολὰσ
694 1225 799 1295 αὐτοῦ
820 1230 935 1294 καὶτὰ
956 1231 1093 1315 κρίματα
1114 1228 1218 1296 αὐτοῦ
1240 1234 1353 1319 ἂὲμε·

150 1348 293 1409 τεῐλατο
317 1352 396 1408 τοῖσ
416 1343 589 1428 ωατρύσιμ
612 1339 717 1427 ιἰμῶμ.
749 1345 799 1405 καὶ
820 1348 916 1406 ἔσται
934 1341 1044 1426 κύριοσ
1065 1345 1117 1406 εῑσ
1133 1347 1276 1407 Βασιλέα
1292 1346 1353 1409 ἑωὶ

151 1450 274 1540 ωᾶσαμ
297 1455 358 1539 τιὶμ
378 1450 444 1540 γιῖμ
467 1457 504 1539 ἑμ
521 1449 563 1537 τῇ
581 1454 686 1538 ιἰμέρα
705 1456 828 1538 ἑκεῖμιρ·
850 1457 901 1516 καὶ
917 1458 1014 1516 ἔσται
1031 1452 1141 1536 κύριοσ
1158 1457 1225 1529 εἷσ,
1247 1461 1297 1519 καὶ
1313 1455 1354 1519 τὸ

153 1568 259 1652 ὅραμα
275 1562 381 1630 αὐτοῦ
397 1570 451 1651 ἔμ,
474 1566 584 1649 κύριοσ
599 1564 764 1629 Βασιλεύσ
780 1564 891 1648 ιἰμῶμ·
914 1563 1023 1627 αὐτὸσ
1038 1568 1146 1628 σώσει
1167 1561 1265 1648 ύμᾶσ.
1297 1566 1355 1631 οῦκ

154 1685 246 1764 ἔστιμ
270 1677 387 1762 ὄμοιύσ
412 1701 479 1754 σοι,
500 1676 599 1762 κύριε·
621 1680 735 1761 μέγασ
756 1678 788 1739 εἷ
801 1675 858 1751 σύ,
881 1674 983 1759 κύριε,
1005 1679 1056 1737 καὶ
1072 1679 1162 1761 μέγα
1185 1675 1226 1739 τὸ
1247 1675 1354 1761 ὄμομά

154 1814 225 1854 σου.
249 1790 287 1874 ἑμ
307 1783 349 1872 τῇ
366 1788 498 1873 δυμύμει
516 1812 578 1851 σου
592 1793 683 1851 ἴασαι
700 1781 800 1870 ιἰμᾶσ,
818 1786 912 1870 κύριε,
929 1791 979 1850 καὶ
994 1786 1216 1869 ῑαθιισύμεθα·
1234 1794 1353 1873 σῶσομ

155 1894 253 1985 ύμᾶσ,
271 1898 366 1984 κύριε,
383 1903 434 1963 καὶ
445 1898 687 1982 σωθιισόμεθα·
704 1897 753 1961 ὅτι
771 1901 923 1982 μερῖσκαὶ
940 1899 1141 1981 κλιιρομομῐα
1158 1920 1220 1961 σου
1240 1899 1353 1983 ἑσμέμ.

153 2016 202 2076 καὶ
220 2009 279 2076 οὐκ
296 2011 389 2073 ἐάσει
407 2009 516 2095 κύριοσ
531 2008 590 2093 τόμ
607 2008 692 2093 λαὸμ
710 2003 816 2073 αὐτοῦ
831 2012 945 2093 ἓμεκεμ
966 2002 1030 2071 τοῦ
1050 2006 1224 2092 ὀμύματοσ
1246 2005 1353 2073 αὐτοῦ

151 2116 215 2203 τσῦ
233 2122 400 2207 μεγάλου,
422 2121 471 2185 ὄτι
489 2119 609 2204 ύρρατο
625 2119 735 2204 κύριοσ
750 2114 813 2183 τού
830 2125 943 2205 ωοιεῖμ
961 2114 1051 2202 ιἰμᾶσ
1070 2122 1123 2183 εῑσ
1136 2119 1224 2205 λαὸμ
1240 2115 1355 2185 αὐτοῦ.

219 2386 244 2434 8.
265 2380 319 2432 Καὶ
335 2383 362 2447 (o
375 2381 429 2432 add
441 2373 567 2448 λοιωόμ)
580 2377 730 2449 ύμμιισεμι
744 2383 784 2432 ita
796 2395 812 2430 ιι
826 2379 910 2444 Copt.
923 2415 930 2428 .
944 2393 955 2429 1
968 2395 1010 2429 om
1023 2381 1114 2430 omnin
1127 2396 1195 2444 quoe
1207 2385 1357 2445 sequuntux

147 2485 238 2534 usquo
252 2463 336 2536 ιἰμᾶσ
348 2465 392 2515 εῐσ
403 2460 479 2532 λαόμ
493 2461 594 2515 αὐτοῦ.
610 2465 613 2531 Ι
628 2458 799 2529 εὐλογιιτόσ
812 2456 908 2528 κύριοσ
921 2464 950 2527 (1
959 2464 1012 2515 odd
1022 2457 1118 2532 ἁμήμ)
1128 2457 1167 2512 ὂσ
1176 2461 1286 2532 ἓὸαικεμ
1297 2482 1358 2517 αιιιιι

146 2567 188 2606 ια
203 2553 276 2620 Copt
288 2590 295 2603 .
309 2589 315 2603 .
335 2566 350 2604 o
367 2568 410 2602 om
422 2553 491 2602 male
504 2546 603 2613 εὐλογ.
617 2543 712 2615 κύριοσ
730 2547 735 2616 Ι
756 2542 943 2618 κατὰωαυσιμ
956 2566 1016 2600 eum
1029 2561 1065 2599 co
1077 2582 1105 2601 ..
1123 2562 1140 2599 ι
1159 2543 1333 2618 ἁμάωαυσιμ
1350 2549 1355 2617 Ι

149 2635 230 2690 κατὰ
248 2633 356 2706 ωὰμτα
373 2633 432 2686 ὅσα
450 2628 615 2702 ἐλάλιισεμι
635 2637 701 2687 hnec
718 2635 882 2700 (nobiscum)
896 2635 966 2701 Copt
984 2651 1042 2685 eum
1056 2636 1281 2700 praecedentibus
1294 2651 1356 2686 eon·

147 2730 245 2793 iungit
259 2728 263 2793 Ι
278 2721 359 2794 ῥῆμα
371 2724 403 2791 ep
417 2716 484 2772 ἁωὸ
496 2715 637 2789 ωαμτόσ.
650 2756 657 2769 .
670 2734 689 2772 α
702 2739 744 2772 om
757 2722 784 2786 (ιι
797 2718 877 2790 ῥΐιμα
890 2722 924 2773 ιὰ
937 2715 1074 2789 ρύματοσ
1086 2721 1256 2783 transiliens)
1270 2719 1274 2787 Ι
1288 2713 1355 2770 dm&

146 2806 282 2881 ωαμτὸσ
299 2805 437 2879 ρύματοσ
456 2824 484 2859 α.
502 2822 527 2859 τ.
546 2804 573 2857 ἁ.
592 2803 651 2856 ὅσα
664 2796 761 2868 (itm
778 2806 866 2869 σώσ)
884 2801 964 2856 ἑλὰλ
980 2807 1050 2855 Μω.
1061 2821 1087 2855 τ.
1101 2803 1124 2855 ὁ.
1138 2801 1231 2855 αὐτοῦ
1248 2822 1307 2857 cum
1320 2818 1357 2858 σε

151 2899 296 2962 (nimilitor
308 2896 389 2963 Copt)
401 2930 428 2945 ..
445 2910 462 2946 ιι
479 2888 545 2944 ᾱωὸ
557 2888 689 2962 ωὰμτωμ
710 2891 755 2962 ὠμ
768 2887 919 2961 ἐλὰλιισεμ
932 2890 965 2961 ἐμ
978 2891 1047 2959 χειρὶ
1062 2889 1193 2943 Μαιῡσιῖ.
1212 2891 1216 2959 Ι
1236 2893 1281 2942 εῐιι
1301 2886 1357 2958 κύρ.

149 2981 170 3033 ὄ
187 2980 231 3033 θε.
246 2981 334 3050 ιἰμῶμ
348 2980 443 3046 (com)
458 2977 518 3050 μεθ’
534 2978 621 3049 ιἰμῶμ
640 2997 662 3032 α.
675 2992 748 3032 01³0.
761 2980 802 3031 ,Β
815 2972 870 3045 κύρ.
889 2976 905 3028 ὁ
920 2977 961 3028 Oe.
975 2975 1059 3046 ιἰμῶμ
1076 2975 1159 3028 ἔσται
1173 2975 1233 3048 μεθ’
1249 2977 1337 3047 ιἰμὼμ
1351 2976 1356 3046 Ι

155 3066 278 3118 καθὼσ.
291 3082 327 3118 .1‘
340 3061 413 3117 καθά
427 3066 431 3134 Ι
447 3062 487 3135 μιὶ
501 3061 643 3132 ἁωολὲσιμ
658 3066 729 3130 (cod.
743 3066 810 3130 σει)
822 3060 911 3132 ιἰμᾶσ.
937 3063 979 3115 καὶ
993 3059 1033 3134 μιὶ
1046 3062 1190 3132 ᾶωολέσιρ
1204 3066 1274 3130 (eod.
1288 3065 1357 3128 σει)

157 3151 241 3224 ιἰμᾶσ
257 3172 317 3206 cum
335 3168 368 3214 α,
388 3157 453 3206 item
465 3154 597 3203 remissis
615 3151 656 3203 καί
676 3147 716 3222 μὲι
729 3149 785 3203 dm.
799 3150 814 3202 ι’
821 3147 896 3221 μᾶσ,
915 3156 982 3204 item
1000 3166 1015 3204 o
1035 3147 1075 3222 μὴ
1095 3147 1259 3217 ἁωολὲσιρσ
1276 3145 1358 3219 ιἰμᾶσ

156 3243 263 3292 ominis
280 3239 321 3290 καὶ
342 3234 381 3308 μιῖι
395 3238 451 3293 dm.
466 3235 548 3308 ιἰμᾶσ
561 3277 567 3289 ,
582 3276 588 3289 .
603 3255 620 3290 n
640 3234 679 3308 μή
698 3237 904 3306 ἐγκαταλίωῌσ
917 3235 1000 3308 ιἰμᾶσ
1013 3233 1099 3306 κύριε,
1118 3236 1159 3288 καὶ
1178 3233 1218 3306 μὴ
1237 3233 1357 3306 ἁωώσιρ

158 3323 248 3396 ιἰμᾶσ,
261 3328 326 3378 item
340 3326 410 3390 Copt
421 3344 452 3376 ne
463 3326 627 3390 derelinquas
638 3343 684 3377 nos
694 3328 801 3386 domino,
814 3344 844 3377 m
856 3328 1000 3391 domemur
1011 3343 1029 3375 σ
1041 3330 1065 3376 te
1078 3326 1139 3388 (sed
1152 3323 1222 3389 Copt
1234 3327 1315 3375 otiam
1327 3325 1357 3375 in

159 3430 232 3479 seqq.
244 3415 300 3473 tibi,
312 3415 339 3462 ιἰι
350 3414 400 3462 viic
411 3415 470 3472 tuis,
483 3417 529 3463 tna
540 3413 663 3462 mandata
676 3412 731 3476 etc)
745 3410 749 3478 Ι
766 3408 820 3461 τοῦ
832 3415 919 3479 κλῑμαι
933 3428 991 3461 cum
1004 3426 1029 3470 ιι,
1042 3411 1168 3461 similiter
1180 3406 1251 3473 Copt
1263 3442 1270 3457 .
1284 3447 1290 3460 .
1304 3421 1357 3460 oro

159 3496 211 3548 τοῦ
224 3495 297 3565 εἷμαι
312 3498 316 3565 Ι
336 3495 448 3564 καρὸῑαμ
463 3495 552 3565 ιἰμὼμ
565 3515 589 3548 α.
603 3510 640 3547 m
652 3496 722 3563 Copt
735 3533 762 3549 ..
779 3499 850 3562 c(et
862 3498 909 3560 αἲ)
924 3492 1040 3561 καρδίασ
1054 3493 1141 3564 ιἰμῶμ
1156 3495 1160 3562 Ι
1180 3490 1233 3544 τοῦ
1246 3508 1371 3560 ωορευ-.

159 3581 243 3654 θύραι
259 3579 341 3652 ιἰμᾶσ
354 3601 413 3634 cum
425 3596 477 3634 σιισ
490 3621 496 3641 ,
509 3621 516 3635 .
533 3599 549 3634 ιι
562 3579 618 3633 τοῦ
629 3577 813 3649 ωσρεύεσθαι
826 3580 830 3648 Ι
845 3576 963 3631 αιὰσαισ
975 3583 1055 3631 ταῖσι
1074 3595 1089 3631 c
1103 3598 1146 3631 om
1157 3583 1225 3631 ταῖσ
1238 3580 1242 3648 Ι
1256 3574 1294 3631 τὰ
1308 3579 1357 3647 κρῖ·

159 3685 238 3737 ματα
251 3687 310 3721 cum
323 3683 398 3720 mn
411 3706 418 3718 .
431 3708 437 3722 .
457 3685 472 3720 c
485 3664 521 3720 τὰ
536 3668 718 3740 δικαιώματα
738 3668 741 3736 Ι
763 3666 804 3718 καί
823 3665 905 3718 ἔσται
925 3661 1022 3734 κύριοσ
1034 3667 1079 3717 εἰσ
1091 3665 1213 3718 Βασιλέα
1226 3668 1277 3731 (ita
1289 3681 1323 3730 ας
1340 3683 1358 3720 ι

154 3750 309 3819 Βασιλεὺσ)
327 3752 378 3804 {m}
396 3751 502 3823 ωᾶσαμ
517 3783 549 3793 --
568 3753 677 3824 ἑκείμιρ·
696 3751 737 3805 καὶ
754 3756 782 3819 (ιι
795 3754 850 3818 om)
867 3750 950 3803 ἔσται
969 3748 1065 3820 κύριοσ
1078 3755 1107 3818 (ιι
1120 3754 1175 3818 om)
1193 3751 1238 3803 εἷσ
1250 3771 1308 3806 cum
1321 3768 1358 3806 ει

154 3840 227 3908 copt
240 3876 247 3889 .
260 3876 268 3891 .
281 3853 335 3890 0111
348 3843 461 3906 :priore
475 3839 516 3889 καί
530 3837 613 3890 ἔσται
627 3835 723 3907 κύριοσ
735 3841 769 3891 sd
781 3843 896 3891 :lterum
909 3841 1069 3890 transiliunt
1083 3837 1087 3906 Ι
1108 3832 1204 3905 κύριοσ
1216 3834 1358 3890 Βασιλεὺσ

149 3920 246 3995 &pesp
260 3943 320 3978 cum
331 3939 389 3976 mn
403 3927 473 3992 Copt
485 3961 491 3975 .
505 3962 512 3975 .
531 3941 546 3978 c
560 3928 638 3992 (item
651 3926 699 3989 ΕΡ)
713 3919 768 3991 κύρ.
781 3923 798 3973 ὁ
812 3919 886 3973 θεὸσ
897 3921 950 3980 εἷσ,
963 3918 1105 3975 Βασιλεύσ
1117 3922 1206 3992 ύμῶμ
1224 3923 1228 3991 Ι
1250 3919 1358 3995 ὄμοιόσ

148 4024 201 4063 σσι
217 4014 271 4077 (ιιι
283 4025 352 4072 σιισς
369 4026 407 4062 ru
421 4013 488 4076 σου)
501 4049 527 4062 ..
547 4026 580 4064 on
594 4015 661 4078 (non
675 4012 756 4077 Copt)
768 4012 873 4062 addunt
885 4008 918 4077 ἐμ
932 4008 1015 4060 θεοῑσ
1034 4011 1039 4077 Ι
1058 4007 1155 4078 μέγασ
1167 4009 1193 4062 εἷ
1204 4006 1240 4062 σύ
1253 4029 1311 4064 cum
1323 4024 1358 4063 σι

139 4131 153 4146 .
173 4112 256 4150 ‚ron
266 4114 309 4149 om
322 4090 358 4147 σύ
372 4096 376 4164 Ι
388 4097 468 4148 ἴασαι
483 4094 565 4166 ιἰμᾶσ
577 4101 603 4150 h.
616 4102 634 4150 l.
647 4116 705 4149 cum
719 4111 790 4150 om
804 4132 831 4149 ..
850 4110 869 4147 α
881 4100 946 4148 anto
959 4094 992 4163 ἐμ
1005 4092 1043 4163 τιζι
1057 4094 1116 4166 δυρ.
1130 4112 1156 4147 σ.
1171 4092 1244 4163 κύριε
1258 4097 1262 4164 Ι
1277 4095 1359 4166 μερίσ

142 4182 196 4235 καί
213 4181 392 4252 κλιιρομομῑα
406 4187 434 4249 (o
448 4181 520 4248 -ῐασΙ
534 4201 593 4235 cum
607 4198 680 4235 σιιαιι
694 4186 764 4250 Copt
777 4224 784 4237 .
797 4221 804 4235 .
821 4199 837 4235 ιι
852 4181 934 4250 μερῐσ
947 4180 1146 4251 κλιιρομομῑασ
1165 4182 1169 4248 Ι
1189 4181 1230 4232 καὶ
1244 4183 1275 4246 (α
1288 4182 1358 4249 Copt

136 4264 214 4335 ὅτι)
229 4265 282 4318 οὐκ
294 4263 376 4319 ἐάσει
391 4261 487 4336 κύριοσ
500 4288 558 4321 cum
571 4283 628 4320 ron
642 4270 728 4336 Copt.
741 4309 748 4324 .
761 4284 794 4322 σιι
808 4268 849 4321 καὶ
863 4266 914 4320 οὐκ
927 4263 1031 4319 ἐάσεισ
1044 4262 1118 4335 κύριε
1130 4269 1156 4333 (c
1171 4262 1291 4334 κύριοσ),
1310 4271 1358 4321 sed

137 4355 183 4408 iu
197 4374 275 4422 seqq.
289 4372 344 4408 non
356 4360 464 4407 mutant
475 4350 528 4424 τὸμ
542 4361 588 4405 λα.
602 4351 695 4405 αὐτοῦ
709 4372 758 4407 nec
771 4355 830 4419 (sed
842 4370 858 4407 ιι
871 4373 914 4408 σαι
926 4352 1028 4424 ἔμεκεμ
1042 4372 1126 4422 usque
1137 4348 1281 4424 μεγάλου)
1295 4351 1357 4423 ἔμε·

136 4454 206 4510 «εμ
219 4457 246 4492 τ.
260 4438 304 4509 ὀμ.
318 4437 412 4491 αὐτοῦ
424 4456 449 4494 τ.
464 4457 491 4510 μ.
506 4440 510 4508 Ι
523 4437 578 4490 τοῦ
590 4442 690 4510 ωοιεῖμ
706 4436 788 4510 ἡμᾶσ
800 4459 859 4493 eum
870 4455 928 4494 m
941 4478 949 4493 .
963 4481 970 4495 .
983 4455 999 4494 σ
1012 4457 1055 4492 om
1067 4436 1122 4491 τοῦ
