2962 4912
146 296 207 359 186
325 297 558 349 EVANGELIUM
576 297 768 348 nvs'au‘rlas
787 294 980 348 Aaaalcurr.
1012 297 1074 351 x11.
1092 297 1169 350 ¹111.

144 447 260 513 Maria
275 447 406 513 laverat
422 448 550 513 fascias
567 447 699 513 domini
716 445 849 513 Christi
871 468 1001 531 easque
1024 469 1132 532 super
1149 448 1246 534 ligna
1263 455 1352 514 stra·

143 557 250 616 verat.
295 550 404 619 Venit
434 551 542 634 igitur
572 572 661 633 puer
693 552 759 615 iste
791 549 1054 630 daemoniacus,
1091 571 1195 616 uuam
1226 551 1352 616 harum

143 657 333 722 fasciarum
350 655 474 720 sumsit
490 675 635 739 eamque
657 655 763 738 capiti
781 674 844 719 suo
864 653 1046 736 imposuit:
1068 659 1142 719 tum
1159 654 1351 720 daemones

143 779 324 824 corvorum
354 776 394 821 ac
420 762 621 839 serpentum
646 756 758 842 figura
782 757 959 841 fugientes
990 777 1032 821 ex
1061 777 1120 822 ore
1151 757 1227 823 eius
1254 757 1351 824 exire

143 865 345 944 coeperunt.
375 859 561 942 Extemplo
579 859 711 925 domini
729 858 861 926 Christi
882 859 980 924 iussu
1003 864 1146 924 sanatus
1168 861 1237 926 iste
1261 881 1353 944 puer

142 963 247 1029 deum
263 960 417 1043 laudare,
435 961 517 1026 hinc
534 961 673 1027 domino
688 963 747 1046 qui
765 963 879 1045 ipsum
896 968 1080 1027 sanaverat
1095 963 1225 1046 gratias
1243 983 1351 1047 agere

143 1066 269 1149 coepit.
308 1062 419 1148 Quem
437 1086 514 1130 cum
531 1065 675 1130 sanitati
692 1065 896 1129 restitutum
911 1069 1013 1147 pater
1027 1063 1189 1147 vidisset,
1213 1064 1268 1131 Mi
1286 1065 1351 1146 fili,

141 1171 268 1252 inquit,
287 1168 371 1252 quid
388 1168 453 1234 tibi
470 1166 622 1234 accidit?
644 1174 764 1253 etqua
782 1169 918 1234 ratione
937 1173 1080 1234 sanatus
1097 1165 1157 1233 es?
1187 1168 1353 1252 Respon-

141 1272 195 1338 dit
210 1272 317 1337 filius:
353 1270 440 1338 (lum
457 1271 645 1338 daemones
662 1293 715 1338 me
732 1271 827 1336 humi
844 1273 1126 1355 prostravissent,
1147 1272 1184 1336 in
1201 1292 1353 1338 nosoco-

140 1376 247 1440 mium
263 1375 345 1456 abii,
362 1374 482 1459 ibique
499 1375 664 1441 feminam
684 1381 868 1459 augustam
885 1395 962 1440 cum
972 1396 1081 1458 puero
1098 1375 1227 1457 inveni,
1246 1375 1351 1439 cuius

140 1477 203 1543 illa
213 1478 341 1543 fascias
352 1499 475 1544 recens
486 1478 577 1544 lotas
589 1478 695 1563 lignis
712 1478 899 1544 iniecerat:
917 1478 1039 1543 harum
1051 1499 1156 1544 unam
1172 1485 1353 1563 arreptam

139 1587 326 1665 postquam
349 1582 456 1665 capiti
480 1602 556 1647 meo
582 1581 749 1664 imposui,
775 1580 998 1665 reliquerunt
1021 1602 1074 1647 me
1096 1582 1287 1648 daemones
1315 1587 1352 1647 et

140 1683 317 1768 fugerunt.
347 1684 461 1753 Valde
479 1685 521 1751 de
539 1706 580 1751 eo
598 1687 736 1769 gavisus
752 1690 867 1768 pater,
889 1683 941 1749 Mi
958 1683 1024 1767 fili,
1047 1685 1112 1767 ait,
1135 1683 1210 1750 fieri
1228 1690 1350 1768 potest

141 1794 181 1852 ut
196 1787 252 1852 hic
269 1809 357 1871 puer
372 1789 418 1854 sit
434 1787 528 1854 filius
545 1788 602 1853 dei
618 1789 684 1854 vivi
702 1789 763 1873 qui
779 1788 897 1855 caelos
915 1793 951 1853 et
965 1793 1093 1854 terram
1105 1788 1250 1854 creavit:
1269 1808 1349 1853 cum

139 1892 232 1955 enim
248 1891 292 1956 ad
303 1913 366 1957 nos
377 1893 528 1973 transiit,
545 1891 695 1957 fractum
706 1897 761 1957 est
773 1890 916 1972 idolum,
935 1889 1209 1975 cecideruntque
1223 1911 1346 1957 omnes

140 1993 190 2059 dii
208 2001 243 2060 et
258 1995 290 2060 vi
306 1994 586 2079 magnificentiae
607 1995 683 2061 eius
699 1996 891 2078 perierunt.

623 2216 743 2282 Oarur
767 2216 855 2282 XII.

223 2386 293 2452 Hic
315 2388 460 2471 impleta
479 2396 533 2454 est
547 2388 734 2472 prophetia
753 2409 841 2472 quae
862 2388 963 2453 dicit:
997 2387 1051 2452 Ex
1066 2387 1205 2472 Egypto
1223 2386 1342 2453 vocavi

137 2489 247 2555 filium
267 2511 390 2556 meum.
427 2490 601 2574 Iosephus
617 2511 697 2556 vero
721 2496 756 2555 et
771 2490 886 2556 Maria
906 2511 983 2555 cum
1005 2491 1138 2557 idolum
1162 2489 1254 2555 illud
1272 2510 1343 2555 cor·

137 2593 250 2657 ruisse
268 2596 461 2677 etperiisse
479 2594 671 2676 audissent,
689 2601 859 2677 paverunt
875 2595 1122 2660 ettimuerunt.
1146 2593 1237 2659 Tum
1249 2593 1343 2658 dixe·

137 2700 235 2760 runt:
267 2693 355 2761 (lum
377 2718 533 2763 essemus
554 2698 591 2762 in
614 2702 708 2762 terra
727 2697 888 2778 Israelis,
911 2697 1074 2763 Herodes
1095 2698 1216 2762 Iesum
1236 2697 1343 2761 inter·

137 2796 241 2862 ficere
260 2799 450 2866 meditatus
470 2806 534 2881 est,
556 2806 592 2865 et
606 2805 794 2883 propterea
811 2821 930 2865 omnes
946 2800 1101 2866 infantes
1116 2798 1344 2866 Bethlehemi

139 2905 175 2965 et
200 2900 388 2967 confinium
414 2903 490 2968 eius
517 2902 663 2983 occidit3
689 2923 801 2986 neque
829 2903 973 2967 dubium
998 2909 1052 2969 est
1077 2904 1162 2987 quin
1185 2902 1342 2986 Egyptii,

137 3003 349 3088 simulatque
366 3005 432 3071 hoc
447 3004 580 3071 idolum
597 3005 746 3070 fractum
763 3027 839 3071 esse
856 3006 1064 3088 audiverint,
1087 3027 1150 3072 nos
1170 3007 1253 3089 igne
1272 3007 1345 3072 sint

139 3108 338 3173 crematuri.

612 3277 733 3346 Oavur
756 3278 865 3344 XIII.

223 3449 329 3514 Illinc
351 3449 482 3532 egressi
504 3449 549 3514 ad
571 3449 685 3515 locum
709 3456 944 3534 pervenerunt
968 3450 1028 3515 ubi
1050 3458 1150 3516 erant
1169 3451 1343 3532 latrones,

138 3553 199 3637 qui
227 3553 423 3636 complures
448 3552 606 3618 homines
633 3555 779 3620 sarcinis
812 3562 847 3620 et
871 3554 1026 3620 vestibus
1058 3554 1346 3639 exspoliaverant

139 3677 270 3740 eosque
287 3658 480 3722 vinxerant.
514 3655 603 3721 'l'um
619 3656 773 3723 latrones
790 3658 999 3723 audiverunt
1015 3658 1201 3741 strepitum
1220 3659 1346 3743 ingen·

138 3764 224 3842 tem,
248 3760 362 3843 qualis
384 3780 460 3825 esse
484 3758 575 3825 solet
591 3759 759 3842 strepitus
776 3761 869 3852 regis
886 3760 1061 3844 magnifici
1082 3782 1159 3827 oum
1183 3762 1343 3827 exercitu

207 4002 253 4053 XI.
271 4019 362 4068 eaeque
373 4020 450 4068 super
462 4005 534 4069 lipsa
545 4010 691 4056 straverats
708 4008 748 4057 ita
761 4007 809 4065 1³1„
823 4009 905 4058 etlam
919 4008 1053 4058 arabicum
1066 4008 1222 4060 emendans.
1244 4008 1301 4059 sik.
1314 4014 1343 4061 ct

139 4089 208 4138 Thil.
222 4104 313 4152 easque
324 4091 351 4138 ia
364 4091 450 4155 lapillo
463 4093 639 4155 περικάτω.
660 4092 729 4143 Item
743 4093 814 4142 infra
827 4092 866 4141 nl.
880 4093 958 4157 lipsio
968 4093 1101 4153 iniecerat,
1115 4092 1172 4144 sik.
1188 4102 1217 4145 et
1231 4095 1303 4144 Thil.
1315 4096 1342 4144 in

138 4174 224 4239 epila
236 4176 410 4236 uenderet.

207 4261 339 4310 daemones
350 4278 387 4311 me
398 4263 467 4311 humi
474 4265 692 4325 prostravissent:
705 4263 745 4313 ita
755 4264 809 4324 ΡΜ
824 4262 880 4314 sm.
894 4267 921 4313 et
931 4264 1002 4314 Thil.
1015 4265 1146 4328 agitarent
1156 4282 1195 4316 me
1206 4268 1341 4317 domm

206 4347 233 4396 ei
249 4347 452 4413 mollissume
467 4349 522 4398 eice
535 4349 683 4413 perimat:
699 4349 740 4399 ita
752 4349 807 4409 Ill-3
826 4349 881 4398 Sik.
899 4356 928 4399 et
940 4349 1011 4400 Thil.
1030 4366 1047 4399 a
1063 4351 1088 4400 vi
1099 4353 1197 4403 maiore
1207 4354 1339 4405 dom

138 4436 198 4482 eunt
