2962 4912
192 331 254 376 m
655 309 926 362 raonneounun.

192 466 295 531 Anne
324 465 527 530 enim1832.
556 462 758 528 clarissimus
785 461 903 527 Thilo
933 461 1049 528 Codici
1078 485 1136 529 sue
1164 463 1251 530 Neri
1275 463 1397 529 Testa-

193 579 296 643 menti
318 577 509 660 apocryphe
531 575 679 653 inseruit,
708 575 812 639 etita
834 575 966 656 quidem
988 579 1027 639 ut
1049 580 1175 641 textum
1198 580 1397 660 sequeretur

194 688 317 755 codicis
339 687 538 755 Parisiensis
561 685 679 750 decimi
701 685 769 750 fere
794 686 915 751 saeculi
941 687 983 766 (is
1005 686 1101 752 nobis
1123 706 1142 752 e
1165 686 1309 770 dicitur),
1339 708 1397 751 ra·

192 800 357 865 riantibus
384 797 583 863 lectionibus
611 801 686 862 octo
714 796 863 862 codicum
891 804 924 861 et
953 797 1106 880 vulgatae
1135 799 1289 864 editionis
1318 820 1396 863 cum

193 912 282 977 notis
304 911 404 975 variis
427 907 507 973 aliis
525 909 585 973 sub
606 913 700 973 textu
723 908 850 990 positis,
872 909 1016 992 repetita
1038 909 1139 974 etiam
1161 916 1235 975 teta
1249 909 1395 976 Postelli

192 1021 475 1104 interpretatione.
522 1018 597 1104 Qua
624 1020 659 1084 in
686 1041 722 1084 re
750 1020 985 1085 auctoritatem
1007 1020 1206 1086 Parisiensis
1230 1022 1281 1085 sui
1304 1021 1395 1087 codi-

193 1134 249 1215 cis,
271 1133 333 1198 etsi
347 1132 515 1215 plerisque
537 1131 675 1214 reliquis
698 1135 808 1196 aetate
823 1131 941 1213 praeit,
963 1131 1051 1196 iusto
1067 1132 1172 1213 pluris
1187 1132 1279 1197 fecit:
1303 1131 1396 1216 quod

193 1242 289 1308 facile
312 1265 352 1308 ex
373 1241 416 1306 iis
439 1242 578 1307 iudicari
597 1243 722 1326 poterit
738 1263 823 1326 quae
839 1240 882 1306 ad
897 1242 1131 1308 canonicorum
1147 1243 1396 1326 evangeliorum

193 1354 392 1436 scripturam
415 1353 621 1419 confermata
641 1353 751 1435 habet,
778 1359 816 1416 ut
838 1352 958 1434 XVII,
982 1356 997 1416 1
1023 1359 1057 1418 et
1079 1355 1108 1418 3.
1139 1353 1243 1436 XXI,
1264 1356 1284 1418 2
1307 1360 1341 1419 et
1364 1358 1396 1419 3.

192 1464 318 1547 XXII,
334 1467 362 1529 2.
386 1465 524 1546 XXIV,
539 1469 568 1530 4.
598 1463 651 1530 De
668 1468 834 1548 apparatu
848 1462 1001 1529 Thilenis
1016 1471 1093 1548 pest
1109 1463 1262 1529 dicemus.
1289 1467 1395 1531 Prae·

191 1581 285 1641 terea
312 1576 347 1640 in
376 1577 618 1661 prolegomenis
647 1575 752 1640 fusius
783 1580 816 1640 et
841 1580 995 1641 accurate
1025 1575 1158 1658 scripsit
1180 1575 1219 1641 de
1242 1575 1319 1640 libri
1342 1576 1396 1641 hi·

193 1688 306 1753 storia.

277 1812 432 1896 Denique
454 1834 541 1879 enne
567 1815 658 1878 1840.
681 1813 812 1878 libellus
835 1813 960 1896 prodiit
981 1813 1044 1878 hoo
1066 1815 1164 1879 titulo
1185 1817 1394 1901 Pretevenqe-

193 1926 265 1988 lium
289 1926 394 1989 Ieeebi
413 1946 451 1990 ere
473 1922 542 1988 eedss
555 1948 608 1989 mr.
632 1925 792 1989 Veneticae
812 1926 977 2010 decerpsit,
994 1926 1225 2011 prolegomenis,
1247 1931 1397 1989 verietate

192 2037 364 2116 lectionum,
397 2041 474 2100 nobb
507 2039 618 2100 criticis
649 2040 826 2099 imbertum
858 2039 950 2100 edidit
980 2035 1064 2101 Car.
1086 2036 1156 2100 Ad.
1179 2037 1394 2119 Suek0w1).

193 2149 399 2216 Venetianus
426 2148 482 2213 ille
505 2147 662 2215 Suckevii
690 2147 793 2213 codex
817 2147 903 2213 idem
927 2153 978 2213 est
1001 2169 1097 2231 quem
1119 2149 1182 2231 ipsi
1205 2153 1312 2213 totum
1337 2146 1394 2212 de-

193 2259 384 2343 scripsimus
422 2265 574 2325 notatum
611 2259 694 2343 siglo
727 2282 749 2325 s
779 2261 813 2324 in
846 2260 1082 2325 commentario
1114 2266 1238 2325 nostro.
1290 2260 1395 2325 Hunc

192 2369 375 2437 Suckovius
403 2373 474 2436 iure
502 2372 613 2455 magni
637 2371 729 2453 feeit,
758 2372 821 2436 etsi
844 2372 935 2436 nulle
958 2370 1055 2437 modo
1078 2370 1215 2454 reliquis
1239 2371 1393 2436 omnibus

192 2482 428 2567 praeferendus
444 2488 503 2564 est,
526 2490 563 2548 ut
579 2504 617 2547 ex
634 2488 798 2565 apparatu
813 2488 928 2549 nostre
945 2484 1047 2548 cuivis
1065 2482 1246 2565 apparebit.
1286 2481 1394 2565 Saepe

194 2594 326 2678 quidem
355 2595 517 2660 brevitate
545 2595 697 2660 lectionis
729 2595 951 2660 commendari
979 2594 1126 2674 videtur3
1158 2595 1215 2660 sed
1245 2600 1395 2677 praeter·

194 2726 293 2788 quem
324 2705 412 2789 quod
444 2728 483 2772 ea
514 2707 659 2772 brevitas
694 2707 819 2790 passim
855 2707 943 2772 haud
976 2706 1074 2772 dubie
1106 2706 1155 2779 ad
1179 2705 1394 2771 describentis

193 2817 431 2899 negligentiam
459 2818 633 2883 referenda
662 2822 726 2902 eat,
759 2819 793 2882 in
821 2818 952 2900 scriptis
979 2817 1166 2883 huiusmodi
1195 2817 1394 2901 apocryphis

70 2918 75 2929 ’
194 2927 369 2993 ridendum
398 2934 448 2992 est
476 2949 516 2993 ne
539 2934 650 2993 textus
673 2928 838 2993 catholica
858 2930 1095 2993 retractatione
1118 2929 1151 2994 in
1174 2928 1326 2994 breviora
1349 2929 1395 2992 sit

193 3045 390 3104 contractus.
428 3039 477 3104 At
495 3061 573 3105 vere
592 3041 626 3105 in
644 3039 783 3123 legende
803 3039 914 3104 codice
933 3062 992 3104 suo
1008 3039 1191 3107 Suckovius
1207 3045 1275 3104 tam
1295 3061 1393 3122 saepe

193 3154 327 3232 tamque
350 3151 496 3234 graviter
518 3151 620 3216 falsus
643 3157 694 3215 est
716 3156 754 3214 ut
777 3157 928 3234 suscepto
953 3152 1045 3233 operi
1067 3152 1227 3234 imparem
1245 3172 1279 3215 se
1297 3172 1392 3234 prae-

193 3261 317 3326 stiterit
332 3284 371 3327 ae
385 3261 536 3328 laborem
551 3284 645 3328 suum
661 3267 792 3326 tantum
806 3283 873 3327 non
888 3262 1078 3344 perdiderit.
1109 3260 1262 3346 Quodne
1278 3262 1392 3345 inique

192 3371 543 3454 iudieasaevideamur,
553 3373 682 3456 aliquot
697 3374 845 3456 exempla
862 3372 1029 3439 afferenda
1041 3379 1146 3439 erunt.
1175 3373 1231 3437 Ita
1246 3374 1352 3455 capite
1363 3373 1392 3438 I.

194 3485 291 3568 κυρίῳ
320 3490 382 3564 (κω
406 3485 580 3568 scriptum)
609 3490 686 3549 ente
716 3488 768 3547 εῑσ
796 3483 938 3568 ῑλασμὸμ
969 3487 1041 3568 ἐμοί
1068 3484 1231 3567 praeterit
1254 3506 1391 3567 eamque

193 3592 305 3659 fictam
326 3596 501 3661 lectionem
525 3596 620 3660 unice
644 3596 864 3676 commendat3
888 3596 1013 3661 omittit
1031 3600 1170 3680 σωέ-ρμα
1192 3600 1268 3677 pest
1288 3595 1391 3680 διδόμ-

193 3729 272 3781 τασ,
297 3705 355 3772 dat
378 3707 526 3790 ἑμεῲάμκ
550 3706 621 3791 σύμ,
644 3706 744 3789 idque
766 3712 894 3772 rectum
913 3728 982 3771 esse
1002 3708 1166 3789 opinatur,
1187 3728 1248 3788 pro
1265 3707 1391 3790 ἑμεῲά-

195 3840 284 3900 μισεμ
315 3818 399 3896 (cod.
422 3826 571 3904 preceps),
603 3820 683 3884 item
711 3824 808 3884 notat
836 3821 1024 3902 ἑωισκέψαι
1052 3840 1113 3902 pro
1143 3822 1390 3903 ἐωισκέψεταιῑ

195 3928 304 4009 capite
327 3928 376 3994 II.
399 3930 449 3994 bis
472 3929 569 3995 affert
592 3931 661 3994 δύω
689 3952 750 4014 pro
775 3931 848 4004 δύο,
878 3932 1039 3994 moretoni
1066 3930 1117 3994 bis
1138 3951 1198 4011 pro
1222 3932 1390 4007 ωαιὸίσκκ,

196 4043 361 4122 συμομέμκ
384 4062 444 4122 pro
460 4045 640 4126 γεμομέμΗ,
665 4044 866 4126 δαῲμκὸεῐαμ
889 4063 949 4124 pre
972 4043 1185 4126 ὁαῴμκδαῐαμ,
1211 4041 1389 4126 δεσωόταμ

194 4169 255 4230 pro
272 4151 463 4236 decurdrup:
488 4153 595 4235 capite
610 4153 679 4218 III.
703 4151 897 4238 dreprieuro
915 4175 975 4237 pro
993 4153 1201 4237 drepr'rooeu,
1225 4152 1389 4238 dpeldroup

230 4294 239 4298 ..
267 4293 331 4300 -.—-
335 4294 408 4301 --—..

281 4366 303 4433 ¹)
322 4369 348 4418 Is
368 4370 574 4424 Ventirlsvienli
591 4373 744 4425 academiae
762 4389 847 4439 nuper
863 4379 949 4423 morte
969 4376 1077 4438 ereptus
1094 4376 1145 4423 ert.
