<?xml version="1.0" encoding="UTF-8"?>
<!DOCTYPE html PUBLIC "-//W3C//DTD XHTML 1.0 Transitional//EN"
    "http://www.w3.org/TR/xhtml1/DTD/xhtml1-transitional.dtd">
<html xmlns="http://www.w3.org/1999/xhtml" xml:lang="en" lang="en">
 <head>
  <title>
</title>
<meta http-equiv="Content-Type" content="text/html;charset=utf-8" />
  <meta name='ocr-system' content='tesseract 3.04.00' />
  <meta name='ocr-capabilities' content='ocr_page ocr_carea ocr_par ocr_line ocrx_word'/>
</head>
<body>
  <div class='ocr_page' id='page_1' title='image "./evangeliaapocry00tiscgoog_0277.png"; bbox 0 0 2962 4912; ppageno 0'>
   <div class='ocr_carea' id='block_1_1' title="bbox 143 288 1122 354">
    <p class='ocr_par' dir='ltr' id='par_1_1' title="bbox 143 288 1122 354">
     <span class='ocr_line' id='line_1_1' title="bbox 143 288 1122 354; baseline -0.006 -9"><span class='ocrx_word' id='word_1_1' title='bbox 143 290 205 354; x_wconf 77' lang='grc'>178</span> <span class='ocrx_word' id='word_1_2' title='bbox 362 290 594 343; x_wconf 68' lang='lat' dir='ltr'>avuncunlum</span> <span class='ocrx_word' id='word_1_3' title='bbox 613 289 762 341; x_wconf 75' lang='lat' dir='ltr'><strong>&#39;PHOMAB</strong></span> <span class='ocrx_word' id='word_1_4' title='bbox 780 290 950 341; x_wconf 69' lang='lat' dir='ltr'>termule.</span> <span class='ocrx_word' id='word_1_5' title='bbox 977 289 1048 341; x_wconf 76' lang='lat' dir='ltr'>xlv,</span> <span class='ocrx_word' id='word_1_6' title='bbox 1065 288 1122 340; x_wconf 79' lang='lat' dir='ltr'>XV.</span> 
     </span>
    </p>
   </div>
   <div class='ocr_carea' id='block_1_2' title="bbox 141 439 1350 1141">
    <p class='ocr_par' dir='ltr' id='par_1_2' title="bbox 141 439 1350 1141">
     <span class='ocr_line' id='line_1_2' title="bbox 143 439 1346 524; baseline -0.002 -18"><span class='ocrx_word' id='word_1_7' title='bbox 143 441 276 507; x_wconf 84' lang='lat' dir='ltr'>fantem</span> <span class='ocrx_word' id='word_1_8' title='bbox 291 447 390 507; x_wconf 90' lang='lat' dir='ltr'>tuum</span> <span class='ocrx_word' id='word_1_9' title='bbox 406 441 450 505; x_wconf 85' lang='lat' dir='ltr'>ad</span> <span class='ocrx_word' id='word_1_10' title='bbox 468 439 663 506; x_wconf 91' lang='lat' dir='ltr'>docendum</span> <span class='ocrx_word' id='word_1_11' title='bbox 678 440 733 506; x_wconf 90' lang='lat' dir='ltr'>vel</span> <span class='ocrx_word' id='word_1_12' title='bbox 749 440 793 508; x_wconf 84' lang='lat' dir='ltr'>sd</span> <span class='ocrx_word' id='word_1_13' title='bbox 805 439 1117 524; x_wconf 68' lang='lat' dir='ltr'>disciplinandum</span> <span class='ocrx_word' id='word_1_14' title='bbox 1133 440 1210 522; x_wconf 92' lang='lat' dir='ltr'>ipse</span> <span class='ocrx_word' id='word_1_15' title='bbox 1227 445 1346 504; x_wconf 84' lang='lat' dir='ltr'>autem</span> 
     </span>
     <span class='ocr_line' id='line_1_3' title="bbox 142 541 1346 627; baseline -0.002 -17"><span class='ocrx_word' id='word_1_16' title='bbox 142 545 252 610; x_wconf 89' lang='lat' dir='ltr'>multa</span> <span class='ocrx_word' id='word_1_17' title='bbox 268 545 435 627; x_wconf 87' lang='lat' dir='ltr'>gravitate</span> <span class='ocrx_word' id='word_1_18' title='bbox 454 548 490 607; x_wconf 89' lang='lat' dir='ltr'>et</span> <span class='ocrx_word' id='word_1_19' title='bbox 505 543 679 627; x_wconf 77' lang='lat' dir='ltr'>sapientia</span> <span class='ocrx_word' id='word_1_20' title='bbox 694 543 850 626; x_wconf 90' lang='lat' dir='ltr'>repletus</span> <span class='ocrx_word' id='word_1_21' title='bbox 868 548 931 608; x_wconf 90' lang='lat' dir='ltr'>est.</span> <span class='ocrx_word' id='word_1_22' title='bbox 954 541 1048 607; x_wconf 84' lang='lat' dir='ltr'>Ecce</span> <span class='ocrx_word' id='word_1_23' title='bbox 1060 563 1153 607; x_wconf 91' lang='lat' dir='ltr'>nunc</span> <span class='ocrx_word' id='word_1_24' title='bbox 1163 541 1249 608; x_wconf 89' lang='lat' dir='ltr'>tolle</span> <span class='ocrx_word' id='word_1_25' title='bbox 1266 563 1346 607; x_wconf 92' lang='lat' dir='ltr'>eum</span> 
     </span>
     <span class='ocr_line' id='line_1_4' title="bbox 143 643 1346 731; baseline -0.002 -18"><span class='ocrx_word' id='word_1_26' title='bbox 143 669 222 713; x_wconf 90' lang='lat' dir='ltr'>cum</span> <span class='ocrx_word' id='word_1_27' title='bbox 237 647 363 731; x_wconf 88' lang='lat' dir='ltr'>gaudio</span> <span class='ocrx_word' id='word_1_28' title='bbox 380 648 416 710; x_wconf 89' lang='lat' dir='ltr'>iu</span> <span class='ocrx_word' id='word_1_29' title='bbox 434 645 572 710; x_wconf 90' lang='lat' dir='ltr'>domum</span> <span class='ocrx_word' id='word_1_30' title='bbox 588 650 694 727; x_wconf 85' lang='lat' dir='ltr'>tuam,</span> <span class='ocrx_word' id='word_1_31' title='bbox 714 646 833 727; x_wconf 85' lang='lat' dir='ltr'>frater,</span> <span class='ocrx_word' id='word_1_32' title='bbox 851 646 934 729; x_wconf 89' lang='lat' dir='ltr'>quia</span> <span class='ocrx_word' id='word_1_33' title='bbox 950 645 1100 729; x_wconf 82' lang='lat' dir='ltr'>gravitas</span> <span class='ocrx_word' id='word_1_34' title='bbox 1118 666 1223 729; x_wconf 85' lang='lat' dir='ltr'>quam</span> <span class='ocrx_word' id='word_1_35' title='bbox 1238 643 1346 710; x_wconf 84' lang='lat' dir='ltr'>hebet</span> 
     </span>
     <span class='ocr_line' id='line_1_5' title="bbox 143 743 1347 831; baseline -0.002 -16"><span class='ocrx_word' id='word_1_36' title='bbox 143 743 317 817; x_wconf 88' lang='lat' dir='ltr'>adomino</span> <span class='ocrx_word' id='word_1_37' title='bbox 335 748 417 814; x_wconf 88' lang='lat' dir='ltr'>data</span> <span class='ocrx_word' id='word_1_38' title='bbox 438 755 492 814; x_wconf 87' lang='lat' dir='ltr'>est</span> <span class='ocrx_word' id='word_1_39' title='bbox 514 747 557 813; x_wconf 90' lang='lat' dir='ltr'>ei.</span> <span class='ocrx_word' id='word_1_40' title='bbox 602 749 614 782; x_wconf 82' lang='lat'><strong>⁴</strong></span> <span class='ocrx_word' id='word_1_41' title='bbox 635 746 722 813; x_wconf 84' lang='lat' dir='ltr'>Oum</span> <span class='ocrx_word' id='word_1_42' title='bbox 744 748 903 814; x_wconf 82' lang='lat' dir='ltr'>audisset</span> <span class='ocrx_word' id='word_1_43' title='bbox 918 748 1021 813; x_wconf 89' lang='lat' dir='ltr'>Iesus</span> <span class='ocrx_word' id='word_1_44' title='bbox 1036 748 1243 831; x_wconf 90' lang='lat' dir='ltr'>magistrum</span> <span class='ocrx_word' id='word_1_45' title='bbox 1259 747 1347 812; x_wconf 87' lang='lat' dir='ltr'>talis.</span> 
     </span>
     <span class='ocr_line' id='line_1_6' title="bbox 144 850 1346 935; baseline -0.003 -16"><span class='ocrx_word' id='word_1_46' title='bbox 144 854 328 933; x_wconf 74' lang='lat' dir='ltr'>dicentem,</span> <span class='ocrx_word' id='word_1_47' title='bbox 349 850 472 916; x_wconf 87' lang='lat' dir='ltr'>hilaris</span> <span class='ocrx_word' id='word_1_48' title='bbox 488 851 602 916; x_wconf 83' lang='lat' dir='ltr'>sactus</span> <span class='ocrx_word' id='word_1_49' title='bbox 619 858 674 916; x_wconf 89' lang='lat' dir='ltr'>est</span> <span class='ocrx_word' id='word_1_50' title='bbox 695 857 730 916; x_wconf 92' lang='lat' dir='ltr'>et</span> <span class='ocrx_word' id='word_1_51' title='bbox 746 850 899 916; x_wconf 85' lang='lat' dir='ltr'>dicebat:</span> <span class='ocrx_word' id='word_1_52' title='bbox 930 851 1145 934; x_wconf 77' lang='lat' dir='ltr'>Baccanae,</span> <span class='ocrx_word' id='word_1_53' title='bbox 1166 852 1346 935; x_wconf 84' lang='lat' dir='ltr'>magister,</span> 
     </span>
     <span class='ocr_line' id='line_1_7' title="bbox 141 953 1350 1038; baseline -0.001 -19"><span class='ocrx_word' id='word_1_54' title='bbox 141 977 221 1023; x_wconf 81' lang='lat' dir='ltr'>vere</span> <span class='ocrx_word' id='word_1_55' title='bbox 239 955 370 1021; x_wconf 83' lang='lat' dir='ltr'>dixisti.</span> <span class='ocrx_word' id='word_1_56' title='bbox 395 954 546 1038; x_wconf 89' lang='lat' dir='ltr'>Propter</span> <span class='ocrx_word' id='word_1_57' title='bbox 562 959 596 1020; x_wconf 91' lang='lat' dir='ltr'>te</span> <span class='ocrx_word' id='word_1_58' title='bbox 614 975 796 1037; x_wconf 86' lang='lat' dir='ltr'>resurgere</span> <span class='ocrx_word' id='word_1_59' title='bbox 813 954 920 1021; x_wconf 87' lang='lat' dir='ltr'>habet</span> <span class='ocrx_word' id='word_1_60' title='bbox 936 955 996 1038; x_wconf 92' lang='lat' dir='ltr'>qui</span> <span class='ocrx_word' id='word_1_61' title='bbox 1013 962 1088 1021; x_wconf 87' lang='lat' dir='ltr'>erat</span> <span class='ocrx_word' id='word_1_62' title='bbox 1102 960 1275 1022; x_wconf 86' lang='lat' dir='ltr'>mortuus.</span> <span class='ocrx_word' id='word_1_63' title='bbox 1299 953 1350 1018; x_wconf 84' lang='lat' dir='ltr'>Et</span> 
     </span>
     <span class='ocr_line' id='line_1_8' title="bbox 143 1056 802 1141; baseline 0 -18"><span class='ocrx_word' id='word_1_64' title='bbox 143 1059 226 1123; x_wconf 90' lang='lat' dir='ltr'>tulit</span> <span class='ocrx_word' id='word_1_65' title='bbox 243 1078 321 1122; x_wconf 91' lang='lat' dir='ltr'>eum</span> <span class='ocrx_word' id='word_1_66' title='bbox 340 1056 469 1141; x_wconf 93' lang='lat' dir='ltr'>Ioseph</span> <span class='ocrx_word' id='word_1_67' title='bbox 485 1059 522 1121; x_wconf 92' lang='lat' dir='ltr'>in</span> <span class='ocrx_word' id='word_1_68' title='bbox 540 1057 676 1122; x_wconf 91' lang='lat' dir='ltr'>domum</span> <span class='ocrx_word' id='word_1_69' title='bbox 694 1078 802 1123; x_wconf 86' lang='lat' dir='ltr'>suam.</span> 
     </span>
    </p>
   </div>
   <div class='ocr_carea' id='block_1_3' title="bbox 166 1299 1328 1437">
    <p class='ocr_par' dir='ltr' id='par_1_3' title="bbox 166 1299 1328 1437">
     <span class='ocr_line' id='line_1_9' title="bbox 166 1299 1328 1360; baseline -0.003 -8"><span class='ocrx_word' id='word_1_70' title='bbox 166 1300 259 1352; x_wconf 69' lang='lat' dir='ltr'>Cesar</span> <span class='ocrx_word' id='word_1_71' title='bbox 278 1300 349 1350; x_wconf 84' lang='lat' dir='ltr'>x1v.</span> <span class='ocrx_word' id='word_1_72' title='bbox 385 1300 560 1360; x_wconf 82' lang='lat' dir='ltr'><strong>QUOMODO</strong></span> <span class='ocrx_word' id='word_1_73' title='bbox 580 1301 680 1351; x_wconf 78' lang='lat' dir='ltr'>Issus</span> <span class='ocrx_word' id='word_1_74' title='bbox 699 1300 893 1353; x_wconf 74' lang='lat' dir='ltr'>LIBERAVIT</span> <span class='ocrx_word' id='word_1_75' title='bbox 912 1299 1018 1351; x_wconf 73' lang='lat' dir='ltr'>lacos</span> <span class='ocrx_word' id='word_1_76' title='bbox 1036 1300 1060 1348; x_wconf 78' lang='lat' dir='ltr'>A</span> <span class='ocrx_word' id='word_1_77' title='bbox 1078 1299 1328 1351; x_wconf 71' lang='lat' dir='ltr'>Peucusswrsn</span> 
     </span>
     <span class='ocr_line' id='line_1_10' title="bbox 641 1386 844 1437; baseline 0.005 -2"><span class='ocrx_word' id='word_1_78' title='bbox 641 1386 844 1437; x_wconf 74' lang='lat' dir='ltr'>SERPENTIS.</span> 
     </span>
    </p>
   </div>
   <div class='ocr_carea' id='block_1_4' title="bbox 30 1535 1356 2032">
    <p class='ocr_par' dir='ltr' id='par_1_4' title="bbox 141 1535 1356 1825">
     <span class='ocr_line' id='line_1_11' title="bbox 227 1535 1355 1620; baseline -0.001 -19"><span class='ocrx_word' id='word_1_79' title='bbox 227 1536 368 1602; x_wconf 86' lang='lat' dir='ltr'>Direxit</span> <span class='ocrx_word' id='word_1_80' title='bbox 388 1541 504 1602; x_wconf 86' lang='lat' dir='ltr'>eutem</span> <span class='ocrx_word' id='word_1_81' title='bbox 521 1535 649 1619; x_wconf 88' lang='lat' dir='ltr'>Ioseph</span> <span class='ocrx_word' id='word_1_82' title='bbox 667 1535 772 1601; x_wconf 82' lang='lat' dir='ltr'>Iacob</span> <span class='ocrx_word' id='word_1_83' title='bbox 795 1535 839 1600; x_wconf 94' lang='lat' dir='ltr'>ad</span> <span class='ocrx_word' id='word_1_84' title='bbox 856 1535 1088 1620; x_wconf 81' lang='lat' dir='ltr'>colligendam</span> <span class='ocrx_word' id='word_1_85' title='bbox 1106 1536 1291 1619; x_wconf 85' lang='lat' dir='ltr'>stipulam,</span> <span class='ocrx_word' id='word_1_86' title='bbox 1317 1541 1355 1601; x_wconf 90' lang='lat' dir='ltr'>et</span> 
     </span>
     <span class='ocr_line' id='line_1_12' title="bbox 144 1638 1356 1723; baseline -0.002 -16"><span class='ocrx_word' id='word_1_87' title='bbox 144 1645 287 1707; x_wconf 91' lang='lat' dir='ltr'>secutus</span> <span class='ocrx_word' id='word_1_88' title='bbox 308 1647 361 1706; x_wconf 91' lang='lat' dir='ltr'>est</span> <span class='ocrx_word' id='word_1_89' title='bbox 377 1661 456 1704; x_wconf 88' lang='lat' dir='ltr'>eum</span> <span class='ocrx_word' id='word_1_90' title='bbox 472 1639 584 1705; x_wconf 88' lang='lat' dir='ltr'>Iesus.</span> <span class='ocrx_word' id='word_1_91' title='bbox 615 1638 722 1705; x_wconf 83' lang='lat' dir='ltr'>Iacob</span> <span class='ocrx_word' id='word_1_92' title='bbox 739 1645 856 1705; x_wconf 90' lang='lat' dir='ltr'>autem</span> <span class='ocrx_word' id='word_1_93' title='bbox 872 1639 1069 1723; x_wconf 88' lang='lat' dir='ltr'>colligendo</span> <span class='ocrx_word' id='word_1_94' title='bbox 1086 1639 1264 1723; x_wconf 83' lang='lat' dir='ltr'>stipulam,</span> <span class='ocrx_word' id='word_1_95' title='bbox 1281 1658 1356 1704; x_wconf 92' lang='lat' dir='ltr'>mo·</span> 
     </span>
     <span class='ocr_line' id='line_1_13' title="bbox 141 1741 1354 1825; baseline -0.003 -16"><span class='ocrx_word' id='word_1_96' title='bbox 141 1741 269 1809; x_wconf 89' lang='lat' dir='ltr'>mordit</span> <span class='ocrx_word' id='word_1_97' title='bbox 294 1763 371 1808; x_wconf 91' lang='lat' dir='ltr'>eum</span> <span class='ocrx_word' id='word_1_98' title='bbox 391 1743 524 1825; x_wconf 85' lang='lat' dir='ltr'>vipera,</span> <span class='ocrx_word' id='word_1_99' title='bbox 551 1748 586 1807; x_wconf 94' lang='lat' dir='ltr'>et</span> <span class='ocrx_word' id='word_1_100' title='bbox 608 1741 737 1808; x_wconf 92' lang='lat' dir='ltr'>cecidit</span> <span class='ocrx_word' id='word_1_101' title='bbox 760 1743 796 1806; x_wconf 92' lang='lat' dir='ltr'>in</span> <span class='ocrx_word' id='word_1_102' title='bbox 822 1748 950 1806; x_wconf 91' lang='lat' dir='ltr'>terram</span> <span class='ocrx_word' id='word_1_103' title='bbox 972 1742 1072 1825; x_wconf 87' lang='lat' dir='ltr'>quasi</span> <span class='ocrx_word' id='word_1_104' title='bbox 1098 1747 1259 1807; x_wconf 89' lang='lat' dir='ltr'>mortuus</span> <span class='ocrx_word' id='word_1_105' title='bbox 1284 1761 1354 1824; x_wconf 88' lang='lat' dir='ltr'>per</span> 
     </span>
    </p>

    <p class='ocr_par' dir='ltr' id='par_1_5' title="bbox 30 1843 1353 2032">
     <span class='ocr_line' id='line_1_14' title="bbox 30 1843 1353 1929; baseline -0.002 -19"><span class='ocrx_word' id='word_1_106' title='bbox 30 1874 37 1889; x_wconf 92' lang='lat'><strong>·</strong></span> <span class='ocrx_word' id='word_1_107' title='bbox 140 1867 321 1912; x_wconf 87' lang='lat' dir='ltr'>venenum.</span> <span class='ocrx_word' id='word_1_108' title='bbox 368 1843 524 1929; x_wconf 84' lang='lat' dir='ltr'>Cumque</span> <span class='ocrx_word' id='word_1_109' title='bbox 550 1844 636 1911; x_wconf 86' lang='lat' dir='ltr'>talia</span> <span class='ocrx_word' id='word_1_110' title='bbox 660 1844 806 1911; x_wconf 89' lang='lat' dir='ltr'>vidisset</span> <span class='ocrx_word' id='word_1_111' title='bbox 828 1844 946 1926; x_wconf 87' lang='lat' dir='ltr'>Iesus,</span> <span class='ocrx_word' id='word_1_112' title='bbox 972 1844 1119 1909; x_wconf 82' lang='lat' dir='ltr'>sufflavit</span> <span class='ocrx_word' id='word_1_113' title='bbox 1143 1846 1179 1909; x_wconf 93' lang='lat' dir='ltr'>in</span> <span class='ocrx_word' id='word_1_114' title='bbox 1204 1844 1353 1929; x_wconf 83' lang='lat' dir='ltr'>plagam</span> 
     </span>
     <span class='ocr_line' id='line_1_15' title="bbox 142 1947 1352 2032; baseline -0.002 -18"><span class='ocrx_word' id='word_1_115' title='bbox 142 1949 233 2030; x_wconf 84' lang='lat' dir='ltr'>eius,</span> <span class='ocrx_word' id='word_1_116' title='bbox 258 1955 293 2014; x_wconf 88' lang='lat' dir='ltr'>et</span> <span class='ocrx_word' id='word_1_117' title='bbox 315 1948 431 2014; x_wconf 89' lang='lat' dir='ltr'>subito</span> <span class='ocrx_word' id='word_1_118' title='bbox 455 1969 561 2014; x_wconf 86' lang='lat' dir='ltr'>sanus</span> <span class='ocrx_word' id='word_1_119' title='bbox 582 1947 697 2014; x_wconf 84' lang='lat' dir='ltr'>factus</span> <span class='ocrx_word' id='word_1_120' title='bbox 721 1954 775 2013; x_wconf 91' lang='lat' dir='ltr'>est</span> <span class='ocrx_word' id='word_1_121' title='bbox 789 1948 913 2031; x_wconf 85' lang='lat' dir='ltr'>Iacob,</span> <span class='ocrx_word' id='word_1_122' title='bbox 935 1954 971 2013; x_wconf 92' lang='lat' dir='ltr'>et</span> <span class='ocrx_word' id='word_1_123' title='bbox 985 1948 1104 2032; x_wconf 83' lang='lat' dir='ltr'>vipera</span> <span class='ocrx_word' id='word_1_124' title='bbox 1123 1952 1264 2012; x_wconf 88' lang='lat' dir='ltr'>mortua</span> <span class='ocrx_word' id='word_1_125' title='bbox 1284 1951 1352 2012; x_wconf 88' lang='lat' dir='ltr'>est.</span> 
     </span>
    </p>
   </div>
   <div class='ocr_carea' id='block_1_5' title="bbox 271 2190 1216 2251">
    <p class='ocr_par' dir='ltr' id='par_1_6' title="bbox 271 2190 1216 2251">
     <span class='ocr_line' id='line_1_16' title="bbox 271 2190 1216 2251; baseline -0.003 -9"><span class='ocrx_word' id='word_1_126' title='bbox 271 2191 364 2242; x_wconf 70' lang='lat' dir='ltr'>Cesar</span> <span class='ocrx_word' id='word_1_127' title='bbox 383 2193 438 2242; x_wconf 80' lang='lat' dir='ltr'>XV.</span> <span class='ocrx_word' id='word_1_128' title='bbox 475 2190 650 2251; x_wconf 83' lang='lat' dir='ltr'><strong>QUOMODO</strong></span> <span class='ocrx_word' id='word_1_129' title='bbox 670 2191 769 2242; x_wconf 76' lang='lat' dir='ltr'>lusus</span> <span class='ocrx_word' id='word_1_130' title='bbox 788 2191 1041 2241; x_wconf 76' lang='lat' dir='ltr'>RESUSCITAVIT</span> <span class='ocrx_word' id='word_1_131' title='bbox 1060 2191 1216 2241; x_wconf 73' lang='lat' dir='ltr'>PUBRUM.</span> 
     </span>
    </p>
   </div>
   <div class='ocr_carea' id='block_1_6' title="bbox 142 2356 1389 2750">
    <p class='ocr_par' dir='ltr' id='par_1_7' title="bbox 142 2356 1389 2750">
     <span class='ocr_line' id='line_1_17' title="bbox 228 2356 1352 2442; baseline -0.001 -19"><span class='ocrx_word' id='word_1_132' title='bbox 228 2356 342 2423; x_wconf 91' lang='lat' dir='ltr'>¹Post</span> <span class='ocrx_word' id='word_1_133' title='bbox 361 2378 490 2442; x_wconf 83' lang='lat' dir='ltr'>paucos</span> <span class='ocrx_word' id='word_1_134' title='bbox 514 2358 589 2423; x_wconf 90' lang='lat' dir='ltr'>dies</span> <span class='ocrx_word' id='word_1_135' title='bbox 612 2357 728 2423; x_wconf 87' lang='lat' dir='ltr'>infans</span> <span class='ocrx_word' id='word_1_136' title='bbox 750 2358 885 2423; x_wconf 85' lang='lat' dir='ltr'>vicinus</span> <span class='ocrx_word' id='word_1_137' title='bbox 909 2359 984 2423; x_wconf 91' lang='lat' dir='ltr'>eius</span> <span class='ocrx_word' id='word_1_138' title='bbox 1007 2357 1195 2423; x_wconf 85' lang='lat' dir='ltr'>defunctus</span> <span class='ocrx_word' id='word_1_139' title='bbox 1219 2362 1292 2438; x_wconf 85' lang='lat' dir='ltr'>est,</span> <span class='ocrx_word' id='word_1_140' title='bbox 1316 2363 1352 2422; x_wconf 87' lang='lat' dir='ltr'>et</span> 
     </span>
     <span class='ocr_line' id='line_1_18' title="bbox 142 2458 1389 2544; baseline 0 -20"><span class='ocrx_word' id='word_1_141' title='bbox 142 2459 349 2544; x_wconf 85' lang='lat' dir='ltr'>deplorabat</span> <span class='ocrx_word' id='word_1_142' title='bbox 365 2471 443 2527; x_wconf 83' lang='lat' dir='ltr'>eum</span> <span class='ocrx_word' id='word_1_143' title='bbox 459 2467 570 2527; x_wconf 89' lang='lat' dir='ltr'>mater</span> <span class='ocrx_word' id='word_1_144' title='bbox 586 2462 661 2526; x_wconf 90' lang='lat' dir='ltr'>eius</span> <span class='ocrx_word' id='word_1_145' title='bbox 678 2460 789 2526; x_wconf 84' lang='lat' dir='ltr'>valde.</span> <span class='ocrx_word' id='word_1_146' title='bbox 820 2458 983 2527; x_wconf 86' lang='lat' dir='ltr'>Audiens</span> <span class='ocrx_word' id='word_1_147' title='bbox 999 2460 1065 2525; x_wconf 95' lang='lat' dir='ltr'>hoc</span> <span class='ocrx_word' id='word_1_148' title='bbox 1081 2461 1184 2528; x_wconf 89' lang='lat' dir='ltr'>Iesus</span> <span class='ocrx_word' id='word_1_149' title='bbox 1205 2460 1301 2525; x_wconf 83' lang='lat' dir='ltr'>abiit</span> <span class='ocrx_word' id='word_1_150' title='bbox 1318 2466 1389 2538; x_wconf 70' lang='lat' dir='ltr'>et,</span> 
     </span>
     <span class='ocr_line' id='line_1_19' title="bbox 142 2560 1364 2647; baseline 0.002 -18"><span class='ocrx_word' id='word_1_151' title='bbox 142 2564 242 2629; x_wconf 89' lang='lat' dir='ltr'>stetit</span> <span class='ocrx_word' id='word_1_152' title='bbox 258 2584 364 2647; x_wconf 89' lang='lat' dir='ltr'>super</span> <span class='ocrx_word' id='word_1_153' title='bbox 378 2584 536 2647; x_wconf 89' lang='lat' dir='ltr'>puerum,</span> <span class='ocrx_word' id='word_1_154' title='bbox 555 2568 590 2628; x_wconf 90' lang='lat' dir='ltr'>et</span> <span class='ocrx_word' id='word_1_155' title='bbox 606 2563 758 2647; x_wconf 82' lang='lat' dir='ltr'>pulsauit</span> <span class='ocrx_word' id='word_1_156' title='bbox 773 2563 809 2628; x_wconf 89' lang='lat' dir='ltr'>in</span> <span class='ocrx_word' id='word_1_157' title='bbox 827 2569 969 2647; x_wconf 88' lang='lat' dir='ltr'>pectore</span> <span class='ocrx_word' id='word_1_158' title='bbox 987 2564 1063 2628; x_wconf 91' lang='lat' dir='ltr'>eius</span> <span class='ocrx_word' id='word_1_159' title='bbox 1081 2569 1116 2628; x_wconf 90' lang='lat' dir='ltr'>et</span> <span class='ocrx_word' id='word_1_160' title='bbox 1131 2562 1239 2629; x_wconf 86' lang='lat' dir='ltr'>dixit:</span> <span class='ocrx_word' id='word_1_161' title='bbox 1266 2560 1364 2631; x_wconf 69' lang='lat' dir='ltr'>Tibi</span> 
     </span>
     <span class='ocr_line' id='line_1_20' title="bbox 142 2664 1372 2750; baseline 0.002 -21"><span class='ocrx_word' id='word_1_162' title='bbox 142 2665 235 2748; x_wconf 89' lang='lat' dir='ltr'>dico,</span> <span class='ocrx_word' id='word_1_163' title='bbox 262 2666 393 2750; x_wconf 85' lang='lat' dir='ltr'>infans,</span> <span class='ocrx_word' id='word_1_164' title='bbox 420 2667 493 2733; x_wconf 90' lang='lat' dir='ltr'>noli</span> <span class='ocrx_word' id='word_1_165' title='bbox 515 2667 602 2731; x_wconf 91' lang='lat' dir='ltr'>mori</span> <span class='ocrx_word' id='word_1_166' title='bbox 624 2666 684 2732; x_wconf 91' lang='lat' dir='ltr'>sed</span> <span class='ocrx_word' id='word_1_167' title='bbox 706 2668 791 2732; x_wconf 82' lang='lat' dir='ltr'>vive.</span> <span class='ocrx_word' id='word_1_168' title='bbox 832 2667 880 2732; x_wconf 80' lang='lat' dir='ltr'>Et</span> <span class='ocrx_word' id='word_1_169' title='bbox 903 2668 1020 2732; x_wconf 87' lang='lat' dir='ltr'>statim</span> <span class='ocrx_word' id='word_1_170' title='bbox 1042 2667 1195 2731; x_wconf 84' lang='lat' dir='ltr'>surrexit</span> <span class='ocrx_word' id='word_1_171' title='bbox 1217 2664 1372 2741; x_wconf 67' lang='lat' dir='ltr'>infans,</span> 
     </span>
    </p>
   </div>
   <div class='ocr_carea' id='block_1_7' title="bbox 140 2942 1346 3522">
    <p class='ocr_par' dir='ltr' id='par_1_8' title="bbox 140 2942 1346 3349">
     <span class='ocr_line' id='line_1_21' title="bbox 141 2942 1345 3012; baseline 0.002 -19"><span class='ocrx_word' id='word_1_172' title='bbox 141 2942 182 2994; x_wconf 84' lang='lat' dir='ltr'>Cf.</span> <span class='ocrx_word' id='word_1_173' title='bbox 194 2946 225 2994; x_wconf 91' lang='lat' dir='ltr'>ll.</span> <span class='ocrx_word' id='word_1_174' title='bbox 239 2944 367 3010; x_wconf 81' lang='lat' dir='ltr'>geminos.</span> <span class='ocrx_word' id='word_1_175' title='bbox 392 2956 411 2993; x_wconf 88' lang='lat'>1&gt;</span> <span class='ocrx_word' id='word_1_176' title='bbox 424 2945 462 2993; x_wconf 86' lang='lat' dir='ltr'>sic</span> <span class='ocrx_word' id='word_1_177' title='bbox 475 2946 578 3009; x_wconf 81' lang='lat' dir='ltr'>pergit:</span> <span class='ocrx_word' id='word_1_178' title='bbox 603 2945 710 3009; x_wconf 75' lang='lat' dir='ltr'>Omnqae</span> <span class='ocrx_word' id='word_1_179' title='bbox 721 2946 766 2993; x_wconf 76' lang='lat' dir='ltr'>tec</span> <span class='ocrx_word' id='word_1_180' title='bbox 777 2945 891 2993; x_wconf 59' lang='lat' dir='ltr'>auisset</span> <span class='ocrx_word' id='word_1_181' title='bbox 903 2944 956 2994; x_wconf 78' lang='lat' dir='ltr'>Ios.</span> <span class='ocrx_word' id='word_1_182' title='bbox 971 2944 1069 3012; x_wconf 52' lang='lat' dir='ltr'>ticam&amp;</span> <span class='ocrx_word' id='word_1_183' title='bbox 1087 2949 1113 2994; x_wconf 78' lang='lat' dir='ltr'>et</span> <span class='ocrx_word' id='word_1_184' title='bbox 1124 2962 1233 2995; x_wconf 76' lang='lat' dir='ltr'>currem</span> <span class='ocrx_word' id='word_1_185' title='bbox 1246 2945 1345 3009; x_wconf 60' lang='lat' dir='ltr'>ibidem,</span> 
     </span>
     <span class='ocr_line' id='line_1_22' title="bbox 140 3029 1346 3095; baseline 0.001 -15"><span class='ocrx_word' id='word_1_186' title='bbox 140 3031 208 3080; x_wconf 72' lang='lat' dir='ltr'>dicit</span> <span class='ocrx_word' id='word_1_187' title='bbox 225 3031 260 3079; x_wconf 81' lang='lat' dir='ltr'>ad</span> <span class='ocrx_word' id='word_1_188' title='bbox 272 3047 326 3079; x_wconf 82' lang='lat' dir='ltr'>eam</span> <span class='ocrx_word' id='word_1_189' title='bbox 337 3030 459 3093; x_wconf 67' lang='lat' dir='ltr'>magister</span> <span class='ocrx_word' id='word_1_190' title='bbox 471 3029 532 3079; x_wconf 79' lang='lat' dir='ltr'>ille:</span> <span class='ocrx_word' id='word_1_191' title='bbox 556 3030 598 3078; x_wconf 78' lang='lat' dir='ltr'>Se.</span> <span class='ocrx_word' id='word_1_192' title='bbox 604 3031 647 3094; x_wconf 86' lang='lat' dir='ltr'>fr.</span> <span class='ocrx_word' id='word_1_193' title='bbox 661 3031 721 3094; x_wconf 78' lang='lat' dir='ltr'>qaia</span> <span class='ocrx_word' id='word_1_194' title='bbox 737 3046 782 3094; x_wconf 69' lang='lat' dir='ltr'>ego</span> <span class='ocrx_word' id='word_1_195' title='bbox 794 3031 879 3092; x_wconf 78' lang='lat' dir='ltr'>recepi</span> <span class='ocrx_word' id='word_1_196' title='bbox 896 3031 970 3079; x_wconf 76' lang='lat' dir='ltr'>iotam</span> <span class='ocrx_word' id='word_1_197' title='bbox 988 3031 1023 3078; x_wconf 84' lang='lat' dir='ltr'>ad</span> <span class='ocrx_word' id='word_1_198' title='bbox 1035 3031 1181 3080; x_wconf 71' lang='lat' dir='ltr'>discendam</span> <span class='ocrx_word' id='word_1_199' title='bbox 1194 3030 1277 3094; x_wconf 83' lang='lat' dir='ltr'>(sic),</span> <span class='ocrx_word' id='word_1_200' title='bbox 1296 3032 1346 3095; x_wconf 66' lang='lat' dir='ltr'>ipse</span> 
     </span>
     <span class='ocr_line' id='line_1_23' title="bbox 141 3116 1344 3181; baseline 0.001 -16"><span class='ocrx_word' id='word_1_201' title='bbox 141 3120 224 3165; x_wconf 74' lang='lat' dir='ltr'>autem</span> <span class='ocrx_word' id='word_1_202' title='bbox 243 3116 324 3165; x_wconf 81' lang='lat' dir='ltr'>malta</span> <span class='ocrx_word' id='word_1_203' title='bbox 339 3117 430 3178; x_wconf 73' lang='lat' dir='ltr'>pratia</span> <span class='ocrx_word' id='word_1_204' title='bbox 447 3120 472 3164; x_wconf 87' lang='lat' dir='ltr'>et</span> <span class='ocrx_word' id='word_1_205' title='bbox 490 3132 544 3178; x_wconf 80' lang='lat' dir='ltr'>sap.</span> <span class='ocrx_word' id='word_1_206' title='bbox 561 3116 627 3179; x_wconf 77' lang='lat' dir='ltr'>rapt.</span> <span class='ocrx_word' id='word_1_207' title='bbox 645 3120 682 3165; x_wconf 83' lang='lat' dir='ltr'>est</span> <span class='ocrx_word' id='word_1_208' title='bbox 700 3141 708 3152; x_wconf 92' lang='lat'>·</span> <span class='ocrx_word' id='word_1_209' title='bbox 718 3117 825 3180; x_wconf 79' lang='lat' dir='ltr'>frater,</span> <span class='ocrx_word' id='word_1_210' title='bbox 843 3117 871 3165; x_wconf 76' lang='lat' dir='ltr'>ia</span> <span class='ocrx_word' id='word_1_211' title='bbox 883 3117 981 3166; x_wconf 66' lang='lat' dir='ltr'>mam</span> <span class='ocrx_word' id='word_1_212' title='bbox 993 3120 1075 3174; x_wconf 77' lang='lat' dir='ltr'>taam,</span> <span class='ocrx_word' id='word_1_213' title='bbox 1095 3117 1157 3181; x_wconf 73' lang='lat' dir='ltr'>qaia</span> <span class='ocrx_word' id='word_1_214' title='bbox 1165 3118 1262 3181; x_wconf 73' lang='lat' dir='ltr'>qratia</span> <span class='ocrx_word' id='word_1_215' title='bbox 1274 3133 1344 3181; x_wconf 69' lang='lat' dir='ltr'>quaer</span> 
     </span>
     <span class='ocr_line' id='line_1_24' title="bbox 140 3201 1342 3266; baseline 0.002 -16"><span class='ocrx_word' id='word_1_216' title='bbox 140 3201 215 3250; x_wconf 77' lang='lat' dir='ltr'>labet</span> <span class='ocrx_word' id='word_1_217' title='bbox 232 3218 249 3249; x_wconf 91' lang='lat' dir='ltr'>a</span> <span class='ocrx_word' id='word_1_218' title='bbox 261 3202 308 3250; x_wconf 84' lang='lat' dir='ltr'>deo</span> <span class='ocrx_word' id='word_1_219' title='bbox 320 3202 385 3250; x_wconf 84' lang='lat' dir='ltr'>data</span> <span class='ocrx_word' id='word_1_220' title='bbox 396 3205 435 3250; x_wconf 81' lang='lat' dir='ltr'>est</span> <span class='ocrx_word' id='word_1_221' title='bbox 451 3201 502 3251; x_wconf 79' lang='lat' dir='ltr'>illi.</span> <span class='ocrx_word' id='word_1_222' title='bbox 527 3201 645 3266; x_wconf 76' lang='lat' dir='ltr'>Apparet</span> <span class='ocrx_word' id='word_1_223' title='bbox 664 3201 693 3250; x_wconf 86' lang='lat' dir='ltr'>in</span> <span class='ocrx_word' id='word_1_224' title='bbox 706 3201 749 3250; x_wconf 85' lang='lat' dir='ltr'>his</span> <span class='ocrx_word' id='word_1_225' title='bbox 762 3201 863 3251; x_wconf 84' lang='lat' dir='ltr'>rectius</span> <span class='ocrx_word' id='word_1_226' title='bbox 872 3203 964 3266; x_wconf 72' lang='lat' dir='ltr'>qratia</span> <span class='ocrx_word' id='word_1_227' title='bbox 975 3203 1030 3266; x_wconf 82' lang='lat' dir='ltr'>legi</span> <span class='ocrx_word' id='word_1_228' title='bbox 1044 3217 1121 3266; x_wconf 79' lang='lat' dir='ltr'>quam</span> <span class='ocrx_word' id='word_1_229' title='bbox 1141 3203 1170 3252; x_wconf 89' lang='lat' dir='ltr'>in</span> <span class='ocrx_word' id='word_1_230' title='bbox 1186 3203 1248 3252; x_wconf 84' lang='lat' dir='ltr'>Vet.</span> <span class='ocrx_word' id='word_1_231' title='bbox 1259 3207 1342 3266; x_wconf 71' lang='lat' dir='ltr'>qrati-</span> 
     </span>
     <span class='ocr_line' id='line_1_25' title="bbox 142 3288 373 3349; baseline -0.004 -14"><span class='ocrx_word' id='word_1_232' title='bbox 142 3290 196 3335; x_wconf 78' lang='lat' dir='ltr'>tate</span> <span class='ocrx_word' id='word_1_233' title='bbox 209 3290 237 3335; x_wconf 89' lang='lat' dir='ltr'>et</span> <span class='ocrx_word' id='word_1_234' title='bbox 247 3288 373 3349; x_wconf 71' lang='lat' dir='ltr'>pravitas.</span> 
     </span>
    </p>

    <p class='ocr_par' dir='ltr' id='par_1_9' title="bbox 140 3371 1346 3522">
     <span class='ocr_line' id='line_1_26' title="bbox 210 3371 1346 3435; baseline 0.005 -15"><span class='ocrx_word' id='word_1_235' title='bbox 210 3374 236 3420; x_wconf 84' lang='lat'>4.</span> <span class='ocrx_word' id='word_1_236' title='bbox 255 3387 288 3421; x_wconf 86' lang='lat' dir='ltr'>n:</span> <span class='ocrx_word' id='word_1_237' title='bbox 310 3371 370 3420; x_wconf 71' lang='grc' dir='ltr'>Οιιηι</span> <span class='ocrx_word' id='word_1_238' title='bbox 381 3375 463 3420; x_wconf 78' lang='lat' dir='ltr'>autem</span> <span class='ocrx_word' id='word_1_239' title='bbox 477 3396 485 3406; x_wconf 94' lang='lat'><strong>·</strong></span> <span class='ocrx_word' id='word_1_240' title='bbox 491 3372 585 3435; x_wconf 78' lang='lat' dir='ltr'>factae</span> <span class='ocrx_word' id='word_1_241' title='bbox 596 3371 711 3420; x_wconf 80' lang='lat' dir='ltr'>dicebat.-</span> <span class='ocrx_word' id='word_1_242' title='bbox 729 3372 798 3420; x_wconf 82' lang='lat' dir='ltr'>Ecce</span> <span class='ocrx_word' id='word_1_243' title='bbox 811 3388 875 3420; x_wconf 75' lang='lat' dir='ltr'>sanc</span> <span class='ocrx_word' id='word_1_244' title='bbox 887 3388 972 3421; x_wconf 81' lang='lat' dir='ltr'>ceram</span> <span class='ocrx_word' id='word_1_245' title='bbox 983 3373 1082 3422; x_wconf 74' lang='lat' dir='ltr'>dixisti.</span> <span class='ocrx_word' id='word_1_246' title='bbox 1105 3374 1159 3423; x_wconf 79' lang='lat' dir='ltr'>Per</span> <span class='ocrx_word' id='word_1_247' title='bbox 1171 3379 1197 3423; x_wconf 82' lang='lat' dir='ltr'>te</span> <span class='ocrx_word' id='word_1_248' title='bbox 1209 3390 1261 3424; x_wconf 82' lang='lat' dir='ltr'>ree·</span> <span class='ocrx_word' id='word_1_249' title='bbox 1273 3374 1346 3427; x_wconf 69' lang='lat' dir='ltr'>tam</span> 
     </span>
     <span class='ocr_line' id='line_1_27' title="bbox 140 3455 915 3522; baseline 0.001 -16"><span class='ocrx_word' id='word_1_250' title='bbox 140 3459 184 3522; x_wconf 75' lang='lat' dir='ltr'>qai</span> <span class='ocrx_word' id='word_1_251' title='bbox 195 3459 378 3522; x_wconf 72' lang='lat' dir='ltr'>mortsacrat.</span> <span class='ocrx_word' id='word_1_252' title='bbox 406 3455 476 3506; x_wconf 72' lang='lat' dir='ltr'>lucit</span> <span class='ocrx_word' id='word_1_253' title='bbox 488 3461 571 3506; x_wconf 78' lang='lat' dir='ltr'>autem</span> <span class='ocrx_word' id='word_1_254' title='bbox 582 3457 634 3506; x_wconf 74' lang='lat' dir='ltr'>Ios.</span> <span class='ocrx_word' id='word_1_255' title='bbox 648 3456 731 3506; x_wconf 76' lang='lat' dir='ltr'>Iecean</span> <span class='ocrx_word' id='word_1_256' title='bbox 743 3459 770 3506; x_wconf 78' lang='lat' dir='ltr'>ia</span> <span class='ocrx_word' id='word_1_257' title='bbox 781 3458 824 3510; x_wconf 81' lang='lat' dir='ltr'>do.</span> <span class='ocrx_word' id='word_1_258' title='bbox 836 3473 915 3507; x_wconf 72' lang='lat' dir='ltr'>mm.</span> 
     </span>
    </p>
   </div>
   <div class='ocr_carea' id='block_1_8' title="bbox 101 3557 1348 4052">
    <p class='ocr_par' dir='ltr' id='par_1_10' title="bbox 101 3557 1348 4052">
     <span class='ocr_line' id='line_1_28' title="bbox 210 3557 1346 3624; baseline 0.005 -17"><span class='ocrx_word' id='word_1_259' title='bbox 210 3558 280 3607; x_wconf 86' lang='lat' dir='ltr'>XIV.</span> <span class='ocrx_word' id='word_1_260' title='bbox 299 3557 340 3607; x_wconf 86' lang='lat' dir='ltr'>Cf.</span> <span class='ocrx_word' id='word_1_261' title='bbox 354 3558 555 3624; x_wconf 75' lang='lat' dir='ltr'>eveng.&#39;l¹hom.</span> <span class='ocrx_word' id='word_1_262' title='bbox 569 3559 705 3609; x_wconf 68' lang='lat' dir='ltr'>Graece.</span> <span class='ocrx_word' id='word_1_263' title='bbox 723 3559 793 3609; x_wconf 77' lang='lat' dir='ltr'>XVL</span> <span class='ocrx_word' id='word_1_264' title='bbox 821 3559 891 3609; x_wconf 83' lang='lat' dir='ltr'>Item</span> <span class='ocrx_word' id='word_1_265' title='bbox 908 3559 1126 3610; x_wconf 77' lang='lat' dir='ltr'>Pseudo-Metth.</span> <span class='ocrx_word' id='word_1_266' title='bbox 1139 3560 1209 3610; x_wconf 83' lang='lat' dir='ltr'>XLI.</span> <span class='ocrx_word' id='word_1_267' title='bbox 1240 3561 1274 3610; x_wconf 91' lang='lat' dir='ltr'>In</span> <span class='ocrx_word' id='word_1_268' title='bbox 1286 3560 1346 3613; x_wconf 75' lang='lat' dir='ltr'>Pei.</span> 
     </span>
     <span class='ocr_line' id='line_1_29' title="bbox 101 3643 1348 3715; baseline 0.005 -22"><span class='ocrx_word' id='word_1_269' title='bbox 101 3643 108 3652; x_wconf 92' lang='lat'><em>&#39;</em></span> <span class='ocrx_word' id='word_1_270' title='bbox 140 3643 199 3693; x_wconf 88' lang='lat' dir='ltr'>cod.</span> <span class='ocrx_word' id='word_1_271' title='bbox 213 3644 405 3694; x_wconf 82' lang='lat' dir='ltr'>conferendum</span> <span class='ocrx_word' id='word_1_272' title='bbox 419 3651 462 3694; x_wconf 86' lang='lat' dir='ltr'>est</span> <span class='ocrx_word' id='word_1_273' title='bbox 474 3650 556 3708; x_wconf 78' lang='lat' dir='ltr'>ceput</span> <span class='ocrx_word' id='word_1_274' title='bbox 568 3644 622 3694; x_wconf 80' lang='lat' dir='ltr'>XL.</span> <span class='ocrx_word' id='word_1_275' title='bbox 636 3645 708 3709; x_wconf 85' lang='lat' dir='ltr'>quod</span> <span class='ocrx_word' id='word_1_276' title='bbox 720 3645 891 3695; x_wconf 81' lang='lat' dir='ltr'>inscribitur:</span> <span class='ocrx_word' id='word_1_277' title='bbox 914 3643 1042 3706; x_wconf 73' lang='lat' dir='ltr'>Quomodo</span> <span class='ocrx_word' id='word_1_278' title='bbox 1051 3646 1127 3715; x_wconf 68' lang='lat' dir='ltr'>Iasae</span> <span class='ocrx_word' id='word_1_279' title='bbox 1138 3648 1244 3696; x_wconf 75' lang='lat' dir='ltr'>sanavit</span> <span class='ocrx_word' id='word_1_280' title='bbox 1256 3647 1348 3712; x_wconf 60' lang='lat' dir='ltr'>loseph</span> 
     </span>
     <span class='ocr_line' id='line_1_30' title="bbox 143 3731 386 3792; baseline 0.004 -15"><span class='ocrx_word' id='word_1_281' title='bbox 143 3745 263 3779; x_wconf 70' lang='lat' dir='ltr'>comeo</span> <span class='ocrx_word' id='word_1_282' title='bbox 275 3731 386 3792; x_wconf 80' lang='lat' dir='ltr'>viperae.</span> 
     </span>
     <span class='ocr_line' id='line_1_31' title="bbox 207 3815 1346 3882; baseline 0.004 -17"><span class='ocrx_word' id='word_1_283' title='bbox 207 3828 226 3865; x_wconf 82' lang='lat'>1&gt;</span> <span class='ocrx_word' id='word_1_284' title='bbox 237 3815 276 3865; x_wconf 84' lang='lat' dir='ltr'>sic</span> <span class='ocrx_word' id='word_1_285' title='bbox 287 3833 293 3862; x_wconf 78' lang='lat' dir='ltr'>z</span> <span class='ocrx_word' id='word_1_286' title='bbox 307 3816 428 3864; x_wconf 72' lang='lat' dir='ltr'>Perrexit</span> <span class='ocrx_word' id='word_1_287' title='bbox 440 3820 523 3864; x_wconf 73' lang='lat' dir='ltr'>actem</span> <span class='ocrx_word' id='word_1_288' title='bbox 532 3816 625 3880; x_wconf 76' lang='lat' dir='ltr'>Ioeept</span> <span class='ocrx_word' id='word_1_289' title='bbox 636 3817 671 3866; x_wconf 81' lang='lat' dir='ltr'>ad</span> <span class='ocrx_word' id='word_1_290' title='bbox 681 3817 849 3881; x_wconf 67' lang='lat' dir='ltr'>colligendam</span> <span class='ocrx_word' id='word_1_291' title='bbox 860 3817 991 3882; x_wconf 69' lang='lat' dir='ltr'>stipulam,</span> <span class='ocrx_word' id='word_1_292' title='bbox 1004 3822 1030 3867; x_wconf 79' lang='lat' dir='ltr'>ec</span> <span class='ocrx_word' id='word_1_293' title='bbox 1037 3818 1172 3868; x_wconf 72' lang='lat' dir='ltr'>mocuordit</span> <span class='ocrx_word' id='word_1_294' title='bbox 1181 3834 1238 3868; x_wconf 69' lang='lat' dir='ltr'>eam</span> <span class='ocrx_word' id='word_1_295' title='bbox 1246 3819 1346 3882; x_wconf 72' lang='lat' dir='ltr'>vipera,</span> 
     </span>
     <span class='ocr_line' id='line_1_32' title="bbox 142 3900 1344 3972; baseline 0.007 -24"><span class='ocrx_word' id='word_1_296' title='bbox 142 3904 168 3949; x_wconf 80' lang='lat' dir='ltr'>et</span> <span class='ocrx_word' id='word_1_297' title='bbox 179 3900 271 3949; x_wconf 80' lang='lat' dir='ltr'>cecidit</span> <span class='ocrx_word' id='word_1_298' title='bbox 283 3901 310 3949; x_wconf 80' lang='lat' dir='ltr'>ia</span> <span class='ocrx_word' id='word_1_299' title='bbox 323 3905 418 3950; x_wconf 80' lang='lat' dir='ltr'>terram</span> <span class='ocrx_word' id='word_1_300' title='bbox 431 3903 504 3965; x_wconf 78' lang='lat' dir='ltr'>quasi</span> <span class='ocrx_word' id='word_1_301' title='bbox 516 3907 629 3951; x_wconf 56' lang='lat' dir='ltr'>maluae</span> <span class='ocrx_word' id='word_1_302' title='bbox 636 3908 747 3967; x_wconf 79' lang='lat' dir='ltr'>propter</span> <span class='ocrx_word' id='word_1_303' title='bbox 759 3920 884 3953; x_wconf 77' lang='lat' dir='ltr'>venenam.</span> <span class='ocrx_word' id='word_1_304' title='bbox 913 3903 986 3965; x_wconf 67' lang='lat' dir='ltr'>Quod</span> <span class='ocrx_word' id='word_1_305' title='bbox 998 3920 1052 3953; x_wconf 75' lang='lat' dir='ltr'>cem</span> <span class='ocrx_word' id='word_1_306' title='bbox 1064 3904 1179 3953; x_wconf 74' lang='lat' dir='ltr'>audisset</span> <span class='ocrx_word' id='word_1_307' title='bbox 1189 3905 1274 3963; x_wconf 73' lang='lat' dir='ltr'>lem,</span> <span class='ocrx_word' id='word_1_308' title='bbox 1291 3908 1344 3972; x_wconf 72' lang='lat' dir='ltr'>eas-</span> 
     </span>
     <span class='ocr_line' id='line_1_33' title="bbox 130 3985 1165 4052; baseline 0.002 -17"><span class='ocrx_word' id='word_1_309' title='bbox 130 3985 213 4050; x_wconf 77' lang='lat' dir='ltr'>flaoc&#39;t</span> <span class='ocrx_word' id='word_1_310' title='bbox 224 3987 250 4034; x_wconf 79' lang='lat' dir='ltr'>in</span> <span class='ocrx_word' id='word_1_311' title='bbox 258 3985 376 4051; x_wconf 67' lang='lat' dir='ltr'>plagam,</span> <span class='ocrx_word' id='word_1_312' title='bbox 388 3991 413 4036; x_wconf 83' lang='lat' dir='ltr'>et</span> <span class='ocrx_word' id='word_1_313' title='bbox 424 3988 507 4037; x_wconf 75' lang='lat' dir='ltr'>sabito</span> <span class='ocrx_word' id='word_1_314' title='bbox 519 3988 694 4051; x_wconf 67' lang='lat' dir='ltr'>adsuefactus</span> <span class='ocrx_word' id='word_1_315' title='bbox 705 3993 743 4037; x_wconf 77' lang='lat' dir='ltr'>eet</span> <span class='ocrx_word' id='word_1_316' title='bbox 755 3988 856 4052; x_wconf 72' lang='lat' dir='ltr'>Ioseph,</span> <span class='ocrx_word' id='word_1_317' title='bbox 868 3994 894 4038; x_wconf 86' lang='lat' dir='ltr'>ct</span> <span class='ocrx_word' id='word_1_318' title='bbox 905 3990 994 4052; x_wconf 75' lang='lat' dir='ltr'>vipera</span> <span class='ocrx_word' id='word_1_319' title='bbox 1005 3994 1106 4040; x_wconf 74' lang='lat' dir='ltr'>mortua</span> <span class='ocrx_word' id='word_1_320' title='bbox 1117 3994 1165 4039; x_wconf 73' lang='lat' dir='ltr'>eet.</span> 
     </span>
    </p>
   </div>
   <div class='ocr_carea' id='block_1_9' title="bbox 136 4086 1344 4502">
    <p class='ocr_par' dir='ltr' id='par_1_11' title="bbox 136 4086 1344 4502">
     <span class='ocr_line' id='line_1_34' title="bbox 207 4086 1344 4154; baseline 0.008 -18"><span class='ocrx_word' id='word_1_321' title='bbox 207 4086 264 4146; x_wconf 83' lang='lat' dir='ltr'>XV,</span> <span class='ocrx_word' id='word_1_322' title='bbox 281 4090 296 4137; x_wconf 90' lang='lat'>1</span> <span class='ocrx_word' id='word_1_323' title='bbox 310 4094 338 4136; x_wconf 88' lang='lat' dir='ltr'>et</span> <span class='ocrx_word' id='word_1_324' title='bbox 350 4090 375 4137; x_wconf 80' lang='lat'>2.</span> <span class='ocrx_word' id='word_1_325' title='bbox 394 4087 435 4137; x_wconf 83' lang='lat' dir='ltr'>Cf.</span> <span class='ocrx_word' id='word_1_326' title='bbox 448 4105 541 4154; x_wconf 75' lang='lat' dir='ltr'>evang.</span> <span class='ocrx_word' id='word_1_327' title='bbox 555 4090 648 4139; x_wconf 84' lang='lat' dir='ltr'>Thom.</span> <span class='ocrx_word' id='word_1_328' title='bbox 661 4089 755 4139; x_wconf 78' lang='lat' dir='ltr'>Graec.</span> <span class='ocrx_word' id='word_1_329' title='bbox 768 4092 788 4140; x_wconf 83' lang='grc' dir='ltr'><strong>Α</strong></span> <span class='ocrx_word' id='word_1_330' title='bbox 802 4090 888 4140; x_wconf 81' lang='lat' dir='ltr'>XVII.</span> <span class='ocrx_word' id='word_1_331' title='bbox 912 4091 981 4141; x_wconf 84' lang='lat' dir='ltr'>Item</span> <span class='ocrx_word' id='word_1_332' title='bbox 996 4091 1225 4143; x_wconf 70' lang='lat' dir='ltr'>Pseudo-Mettis.</span> <span class='ocrx_word' id='word_1_333' title='bbox 1239 4092 1295 4142; x_wconf 80' lang='lat' dir='ltr'>xl..</span> <span class='ocrx_word' id='word_1_334' title='bbox 1312 4109 1344 4145; x_wconf 86' lang='lat' dir='ltr'>ex</span> 
     </span>
     <span class='ocr_line' id='line_1_35' title="bbox 139 4172 1344 4242; baseline 0.008 -23"><span class='ocrx_word' id='word_1_335' title='bbox 139 4173 170 4221; x_wconf 83' lang='lat' dir='ltr'>B.</span> <span class='ocrx_word' id='word_1_336' title='bbox 195 4172 227 4221; x_wconf 89' lang='lat' dir='ltr'>In</span> <span class='ocrx_word' id='word_1_337' title='bbox 240 4173 299 4223; x_wconf 79' lang='lat' dir='ltr'>Par.</span> <span class='ocrx_word' id='word_1_338' title='bbox 318 4173 377 4222; x_wconf 89' lang='lat' dir='ltr'>cod.</span> <span class='ocrx_word' id='word_1_339' title='bbox 395 4179 476 4238; x_wconf 82' lang='lat' dir='ltr'>ceput</span> <span class='ocrx_word' id='word_1_340' title='bbox 488 4175 574 4226; x_wconf 82' lang='lat' dir='ltr'>Xbll.</span> <span class='ocrx_word' id='word_1_341' title='bbox 591 4176 763 4225; x_wconf 83' lang='lat' dir='ltr'>inscribitur:</span> <span class='ocrx_word' id='word_1_342' title='bbox 787 4177 829 4226; x_wconf 84' lang='lat' dir='ltr'>De</span> <span class='ocrx_word' id='word_1_343' title='bbox 838 4176 900 4242; x_wconf 78' lang='lat' dir='ltr'>filio</span> <span class='ocrx_word' id='word_1_344' title='bbox 918 4178 1048 4228; x_wconf 61' lang='lat' dir='ltr'>mma»</span> <span class='ocrx_word' id='word_1_345' title='bbox 1064 4179 1179 4229; x_wconf 61' lang='lat' dir='ltr'>maberie</span> <span class='ocrx_word' id='word_1_346' title='bbox 1191 4194 1244 4242; x_wconf 78' lang='lat' dir='ltr'>per</span> <span class='ocrx_word' id='word_1_347' title='bbox 1262 4179 1344 4230; x_wconf 69' lang='lat' dir='ltr'>leem</span> 
     </span>
     <span class='ocr_line' id='line_1_36' title="bbox 138 4259 1343 4330; baseline 0.007 -23"><span class='ocrx_word' id='word_1_348' title='bbox 138 4259 205 4307; x_wconf 73' lang='lat' dir='ltr'>ottae</span> <span class='ocrx_word' id='word_1_349' title='bbox 218 4260 326 4308; x_wconf 79' lang='lat' dir='ltr'>reddito.</span> <span class='ocrx_word' id='word_1_350' title='bbox 352 4260 440 4309; x_wconf 81' lang='lat' dir='ltr'>Verba</span> <span class='ocrx_word' id='word_1_351' title='bbox 459 4267 548 4311; x_wconf 83' lang='lat' dir='ltr'>autem</span> <span class='ocrx_word' id='word_1_352' title='bbox 563 4261 628 4311; x_wconf 80' lang='lat' dir='ltr'>baec</span> <span class='ocrx_word' id='word_1_353' title='bbox 641 4262 739 4313; x_wconf 80' lang='lat' dir='ltr'>habet:</span> <span class='ocrx_word' id='word_1_354' title='bbox 758 4263 822 4312; x_wconf 75' lang='lat' dir='ltr'>Poet</span> <span class='ocrx_word' id='word_1_355' title='bbox 834 4264 890 4313; x_wconf 78' lang='lat' dir='ltr'>dies</span> <span class='ocrx_word' id='word_1_356' title='bbox 906 4264 987 4328; x_wconf 66' lang='lat' dir='ltr'>igitur</span> <span class='ocrx_word' id='word_1_357' title='bbox 995 4278 1095 4329; x_wconf 72' lang='lat' dir='ltr'>paucae</span> <span class='ocrx_word' id='word_1_358' title='bbox 1110 4263 1200 4330; x_wconf 69' lang='lat' dir='ltr'>itesam</span> <span class='ocrx_word' id='word_1_359' title='bbox 1211 4266 1343 4315; x_wconf 64' lang='lat' dir='ltr'>niundon</span> 
     </span>
     <span class='ocr_line' id='line_1_37' title="bbox 137 4345 1343 4412; baseline 0.006 -18"><span class='ocrx_word' id='word_1_360' title='bbox 137 4345 216 4394; x_wconf 74' lang='lat' dir='ltr'>viciat</span> <span class='ocrx_word' id='word_1_361' title='bbox 226 4349 339 4395; x_wconf 72' lang='lat' dir='ltr'>mortuas</span> <span class='ocrx_word' id='word_1_362' title='bbox 351 4349 403 4403; x_wconf 75' lang='lat' dir='ltr'>ent,</span> <span class='ocrx_word' id='word_1_363' title='bbox 421 4351 447 4395; x_wconf 88' lang='lat' dir='ltr'>et</span> <span class='ocrx_word' id='word_1_364' title='bbox 460 4347 585 4410; x_wconf 79' lang='lat' dir='ltr'>plorabat</span> <span class='ocrx_word' id='word_1_365' title='bbox 596 4353 678 4397; x_wconf 81' lang='lat' dir='ltr'>mater</span> <span class='ocrx_word' id='word_1_366' title='bbox 695 4349 750 4398; x_wconf 72' lang='lat' dir='ltr'>eiu</span> <span class='ocrx_word' id='word_1_367' title='bbox 760 4349 837 4398; x_wconf 79' lang='lat' dir='ltr'>valde</span> <span class='ocrx_word' id='word_1_368' title='bbox 849 4365 900 4412; x_wconf 79' lang='lat' dir='ltr'>pra</span> <span class='ocrx_word' id='word_1_369' title='bbox 918 4366 955 4399; x_wconf 86' lang='lat' dir='ltr'>eo.</span> <span class='ocrx_word' id='word_1_370' title='bbox 979 4351 1094 4400; x_wconf 63' lang='lat' dir='ltr'>Aeaeus</span> <span class='ocrx_word' id='word_1_371' title='bbox 1111 4355 1196 4400; x_wconf 72' lang='lat' dir='ltr'>autem</span> <span class='ocrx_word' id='word_1_372' title='bbox 1211 4352 1261 4401; x_wconf 69' lang='lat' dir='ltr'>hoa</span> <span class='ocrx_word' id='word_1_373' title='bbox 1271 4351 1343 4401; x_wconf 72' lang='lat' dir='ltr'>Iem</span> 
     </span>
     <span class='ocr_line' id='line_1_38' title="bbox 136 4429 1341 4502; baseline 0.008 -24"><span class='ocrx_word' id='word_1_374' title='bbox 136 4429 202 4479; x_wconf 69' lang='lat' dir='ltr'>otia</span> <span class='ocrx_word' id='word_1_375' title='bbox 214 4433 240 4479; x_wconf 79' lang='lat' dir='ltr'>et</span> <span class='ocrx_word' id='word_1_376' title='bbox 250 4431 323 4479; x_wconf 69' lang='lat' dir='ltr'>stetit</span> <span class='ocrx_word' id='word_1_377' title='bbox 334 4445 389 4493; x_wconf 76' lang='lat' dir='ltr'>sup.</span> <span class='ocrx_word' id='word_1_378' title='bbox 398 4446 473 4495; x_wconf 76' lang='lat' dir='ltr'>paer-</span> <span class='ocrx_word' id='word_1_379' title='bbox 489 4436 515 4481; x_wconf 81' lang='lat' dir='ltr'>ct</span> <span class='ocrx_word' id='word_1_380' title='bbox 525 4434 640 4497; x_wconf 66' lang='lat' dir='ltr'>sufflavit</span> <span class='ocrx_word' id='word_1_381' title='bbox 655 4433 684 4483; x_wconf 70' lang='lat' dir='ltr'>io</span> <span class='ocrx_word' id='word_1_382' title='bbox 690 4438 796 4496; x_wconf 75' lang='lat' dir='ltr'>pectore</span> <span class='ocrx_word' id='word_1_383' title='bbox 813 4436 868 4485; x_wconf 76' lang='lat' dir='ltr'>aiae</span> <span class='ocrx_word' id='word_1_384' title='bbox 883 4439 909 4485; x_wconf 87' lang='lat' dir='ltr'>et</span> <span class='ocrx_word' id='word_1_385' title='bbox 919 4436 988 4485; x_wconf 77' lang='lat' dir='ltr'>dicit</span> <span class='ocrx_word' id='word_1_386' title='bbox 1006 4461 1015 4473; x_wconf 92' lang='lat'><strong>·</strong></span> <span class='ocrx_word' id='word_1_387' title='bbox 1033 4436 1073 4486; x_wconf 73' lang='lat' dir='ltr'>Bt</span> <span class='ocrx_word' id='word_1_388' title='bbox 1083 4438 1229 4488; x_wconf 66' lang='lat' dir='ltr'>rennuit</span> <span class='ocrx_word' id='word_1_389' title='bbox 1245 4438 1341 4502; x_wconf 69' lang='lat' dir='ltr'>insane.</span> 
     </span>
    </p>
   </div>
   <div class='ocr_carea' id='block_1_10' title="bbox 0 0 1486 4912">
    <p class='ocr_par' dir='ltr' id='par_1_12' title="bbox 0 0 1486 4912">
     <span class='ocr_line' id='line_1_39' title="bbox 0 0 1486 4912; baseline 0 1"><span class='ocrx_word' id='word_1_390' title='bbox 0 0 1486 4912; x_wconf 95' lang='lat' dir='ltr'> </span> 
     </span>
    </p>
   </div>
  </div>
 </body>
</html>
