2962 4912
331 297 667 348 canuno-umnam
686 299 929 350 avuncunlum,
957 298 1032 350 CAP.
1052 299 1114 350 ΧΠ.
1286 300 1327 362 75

206 447 282 512 ⁴Et
299 469 375 513 oum
397 450 509 514 omnis
529 448 680 532 populus
698 456 857 532 stuperet
878 456 913 514 et
936 449 1143 532 haesitaret,
1167 451 1325 516 videntes

137 557 329 635 conceptum
345 553 476 616 ventris
493 557 530 616 at
546 551 681 616 nullum
697 552 835 634 signum
854 551 891 617 in
908 552 997 618 facie
1016 554 1091 619 eius
1108 554 1325 637 apparuisse,

139 661 314 739 coeperunt
330 656 424 719 inter
439 676 476 719 se
493 656 588 719 varia
603 654 725 738 populi
742 655 957 738 loquacitate
975 656 1120 722 turbari.
1144 655 1221 720 Alii
1236 656 1327 721 dice·

138 765 208 830 baut
217 759 449 839 sanctitatem,
468 757 529 822 alii
539 778 619 823 vero
635 757 833 841 permalam
845 761 1096 825 conscientiam
1112 760 1327 825 accusabant

141 885 209 932 earu.
247 860 347 925 Tunc
369 860 484 925 Maria
503 861 625 926 videns
652 861 888 944 suspicionem
909 863 1046 945 populi,
1073 863 1168 947 quod
1191 885 1263 930 uon
1286 885 1327 927 ex
1414 881 1415 885 ’

142 972 258 1049 integro
275 963 404 1029 suisset
419 970 577 1047 purgata,
596 964 756 1028 omnibus
774 964 1000 1031 audientibus
1018 967 1113 1032 clara
1127 988 1210 1033 voce
1223 964 1326 1030 dixit:

141 1071 219 1140 livit
239 1066 401 1133 dominus
422 1063 572 1152 Adouay
595 1068 825 1149 exercituum,
851 1069 888 1132 iu
914 1070 1014 1134 cuius
1041 1077 1232 1155 conspectu
1261 1076 1326 1152 sto,

144 1173 287 1262 quoniam
301 1172 412 1235 virum
429 1191 616 1253 numquam
633 1172 793 1255 cognovi3
813 1171 874 1235 sed
891 1192 956 1236 nec
975 1193 1185 1256 cognoscere
1202 1171 1327 1254 habeo,

145 1277 209 1365 quia
222 1273 264 1339 ab
281 1272 433 1339 infantia
449 1274 576 1339 aetatis
593 1294 690 1339 meae
708 1274 744 1338 in
762 1273 827 1338 hoc
843 1279 994 1338 mentem
1012 1275 1168 1341 definivi
1198 1275 1246 1343 Et
1261 1276 1327 1339 hoc

146 1385 194 1449 deo
208 1399 281 1444 meo
297 1383 416 1443 votum
432 1376 501 1441 feci
522 1377 564 1441 ab
581 1377 734 1442 infantia
749 1398 835 1458 msa,
853 1383 893 1441 ut
907 1378 976 1460 ipsi
995 1379 1054 1461 qui
1074 1399 1127 1443 me
1146 1379 1275 1443 creavit
1290 1378 1327 1441 in

146 1483 324 1565 integritate
346 1501 582 1564 permaneam,
605 1481 641 1544 in
664 1502 733 1564 qua
753 1502 807 1544 me
830 1478 966 1544 confido
988 1480 1057 1563 ipsi
1074 1480 1140 1546 soli
1157 1481 1269 1545 vivere
1293 1485 1328 1544 et

147 1587 196 1673 ipsi
218 1583 282 1649 soli
308 1585 383 1648 sine
410 1582 530 1666 aliqua
554 1582 750 1666 pollutione
777 1582 943 1666 quamdiu
969 1584 1085 1648 vixero
1110 1603 1326 1665 permanere.

147 1688 250 1755 ’Tunc
266 1706 387 1751 omnes
405 1684 657 1750 osculabantur
673 1706 747 1750 earn
764 1692 930 1769 rogantes
948 1692 987 1749 ut
1001 1684 1102 1750 malis
1120 1685 1329 1768 suspicioni·

148 1796 195 1861 bus
214 1811 330 1855 eorum
354 1790 454 1854 daret
478 1788 745 1872 indulgentiam.
790 1788 839 1854 Et
860 1788 1083 1853 deduxerunt
1107 1809 1182 1853 eam
1208 1809 1327 1853 omnes

149 1893 244 1983 populi
272 1898 307 1957 et
332 1890 533 1956 sacerdotes
560 1897 595 1955 et
621 1912 740 1957 omnes
763 1892 917 1975 virgines
944 1913 1020 1956 cum
1047 1892 1262 1957 exultatione
1292 1899 1328 1957 et

150 1996 250 2084 gaudio
275 2015 387 2077 usque
414 1992 457 2059 ad
484 1994 623 2059 domum
648 2016 760 2076 suam,
787 1994 978 2059 clamantes
1008 2001 1043 2059 et
1067 1994 1240 2059 diceutes:
1273 1993 1328 2060 Sit

149 2120 248 2167 nomen
259 2097 392 2162 domiui
407 2096 643 2179 benedictum,
664 2096 725 2179 qui
740 2096 977 2162 manifestavit
993 2098 1215 2162 sanctitatem
1232 2105 1327 2162 tuam

149 2205 303 2268 universae
320 2198 416 2284 plebi
433 2198 556 2263 Israel.

197 2569 219 2614 4.
236 2565 272 2612 Et
284 2580 353 2612 cnm:
373 2576 408 2612 es
423 2564 530 2628 Cumque
543 2562 546 2628 Ι
562 2565 641 2613 omnis
655 2563 767 2628 papulae
779 2563 808 2624 (n
821 2579 905 2612 omnen
918 2563 1021 2627 populi)
1033 2568 1147 2626 stuperet
1165 2568 1190 2612 et
1208 2566 1274 2612 haee³
1293 2563 1322 2626 (u

148 2656 251 2716 etepnent
262 2655 286 2698 et
298 2651 465 2707 haesitarent,
477 2662 494 2697 ιι
507 2665 548 2697 οιιι
561 2653 587 2698 et
597 2648 679 2710 haee.)
692 2656 723 2697 ut
737 2661 805 2706 cuu3
819 2661 855 2696 au
869 2650 948 2698 omnis
956 2665 1020 2712 pop.
1034 2653 1147 2698 ecetmt
1160 2653 1264 2713 stupore
1278 2649 1282 2714 Ι
1296 2654 1326 2698 at

149 2739 170 2801 Ιι
179 2738 207 2799 et)
222 2762 230 2772 ·
247 2738 272 2784 in
282 2737 358 2800 faeie
373 2736 400 2796 (c
411 2734 522 2798 faciem)
536 2736 591 2784 etna
602 2752 664 2798 app.
679 2739 710 2783 ut
723 2746 811 2791 Διιους
830 2747 847 2782 ιι
861 2749 903 2782 οιιι
922 2733 926 2799 Ι
945 2747 961 2783 n
974 2750 1016 2782 om
1024 2735 1115 2796 populi
1120 2770 1127 2792 ,
1145 2748 1162 2782 a
1176 2740 1240 2783 autc
1250 2714 1329 2785 baria

149 2839 188 2887 pou
199 2846 202 2886 l
214 2821 267 2871 Atii
278 2823 329 2869 dic.
343 2822 506 2869 sanctitatem
519 2822 549 2882 (u
562 2819 616 2869 edd
628 2836 659 2869 ea
671 2817 844 2883 ipnacencia),
862 2819 911 2868 aas
923 2835 983 2869 nero
996 2820 1026 2882 (n
1039 2820 1093 2882 om)
1107 2847 1115 2855 -
1129 2836 1184 2869 eum
1195 2829 1227 2870 ut
1239 2832 1293 2881 ους
1312 2833 1328 2869 1

149 2908 308 2958 [liuticebat
319 2908 466 2964 sanctitate,
473 2905 548 2954 aliae
559 2921 618 2955 aera
630 2905 700 2954 mata
713 2907 868 2954 concientia
880 2906 1017 2954 aemabat
1022 2925 1030 2961 ,·
1043 2918 1060 2953 n
1069 2905 1128 2952 Ala·
1139 2906 1189 2954 dic.
1199 2906 1266 2969 qaod
1274 2921 1326 2968 pra

149 2994 201 3044 aa
214 2994 365 3042 emcimtta
381 2992 538 3040 comebant
555 3007 610 3040 eann
616 3011 625 3047 ,-
644 2991 692 3040 alin'
704 2991 837 3040 Mandant:
864 2992 971 3040 Grande
982 2993 1079 3054 dynam
1091 2995 1130 3041 eet
1142 2991 1222 3047 aaa,-
1240 3005 1258 3041 Δ
1270 2992 1330 3041 Alie·

148 3080 185 3129 eu.
193 3084 297 3128 maan
309 3083 336 3126 et
346 3077 542 3133 tnemcutatana
556 3077 606 3125 alie*
617 3092 676 3126 vero
687 3076 783 3125 auhn
794 3082 820 3125 et
829 3077 1027 3126 contaminatam
1040 3074 1044 3140 Ι
1057 3091 1128 3138 nep.
1139 3077 1232 3140 papati
1242 3083 1286 3127 etc
1298 3081 1330 3127 ut

150 3177 173 3222 ¹?
184 3177 212 3213 cu
220 3181 278 3228 pop.
293 3180 365 3227 saep.
378 3179 428 3212 non
441 3163 470 3223 (1)
483 3179 529 3210 nec
539 3163 577 3222 ee)
590 3179 621 3210 en
633 3163 679 3210 int.
689 3163 777 3226 sainte
785 3167 925 3226 pwyatam
932 3181 940 3218 ‚-
959 3175 976 3210 a
990 3160 1030 3223 (ct
1042 3160 1090 3224 ut)
1102 3178 1130 3211 ee
1147 3163 1174 3210 in
1186 3163 1329 3226 suspicione

146 3251 216 3315 pepuli
225 3267 276 3300 eene
287 3266 334 3300 nee
346 3265 373 3299 ee
390 3266 421 3298 ea
437 3251 485 3298 int.
498 3249 582 3298 uideri
590 3253 730 3311 purqatann
748 3246 752 3313 Ι
771 3249 864 3297 domin
879 3248 964 3296 Adon.
979 3246 1027 3308 (AB
1040 3246 1093 3295 edd
1106 3248 1231 3308 dominae)
1244 3264 1327 3296 exerc.

149 3344 172 3385 ut
180 3349 229 3395 uc,
242 3338 305 3387 item
318 3351 337 3386 n
350 3336 417 3385 dam·
432 3351 515 3383 caere.
530 3336 632 3390 Aetam
651 3347 668 3383 u
681 3349 723 3383 om
736 3335 821 3383 Adon.
836 3333 839 3396 Ι
853 3346 870 3382 n
883 3337 942 3381 ante
954 3333 1026 3381 cuiue
1038 3337 1196 3396 conspectam
1210 3331 1214 3397 Ι
1228 3334 1273 3381 ead
1284 3349 1329 3382 nec

150 3423 249 3488 definiet
261 3437 320 3472 cum
333 3434 386 3480 ους
399 3434 435 3470 an
448 3421 492 3468 ead
505 3420 536 3468 ab
549 3437 577 3469 eo
588 3435 723 3483 capnoecor
736 3421 776 3467 eui
788 3420 820 3468 ab
833 3420 880 3484 insz
892 3434 962 3466 meae
974 3419 1070 3467 aetatis
1081 3422 1185 3466 mentem
1197 3434 1277 3467 anema
1285 3418 1328 3467 de·

149 3511 199 3567 tenir
212 3523 315 3572 lneque
327 3522 476 3571 eoynoecere
493 3506 525 3554 ab
537 3507 638 3554 ineante
650 3509 736 3554 aetate
747 3521 803 3554 ntea
815 3509 893 3553 antea
904 3504 1009 3569 definiet
1021 3499 1026 3567 Ι
1041 3503 1073 3552 ab
1085 3505 1133 3568 e'nfi
1144 3520 1201 3553 mea
1213 3508 1245 3553 ut
1257 3516 1326 3563 ηις

150 3606 215 3644 mom
233 3594 237 3659 Ι
255 3599 283 3643 nt
295 3596 347 3658 e'pee'
360 3594 408 3656 (un
427 3594 455 3641 n'n
466 3590 534 3656 ipso)
548 3616 556 3627 ·
567 3606 730 3655 pemaneam
742 3595 773 3639 ut
785 3602 875 3649 cnm
895 3594 953 3638 unt
963 3590 991 3637 in
1002 3590 1084 3653 ipsine
1095 3590 1139 3653 qai
1149 3605 1182 3638 m.
1197 3606 1249 3640 cre.
1266 3591 1329 3639 ieeu-

148 3681 401 3745 'anteponeremus
415 3674 419 3741 Ι
432 3678 460 3726 n'n
472 3693 536 3741 qua:
548 3689 564 3723 u
576 3677 603 3723 tn
615 3693 663 3739 qao
678 3673 681 3739 Ι
696 3676 747 3739 ipat
758 3676 809 3724 eali
817 3676 901 3724 uiam
913 3699 923 3711 ·
933 3679 1188 3738 permanentem
1201 3689 1218 3723 13
1227 3675 1279 3740 ipsi
1290 3693 1327 3726 eo.

150 3768 222 3815 mire
232 3770 256 3816 et
265 3767 317 3830 ὄρθι’
328 3763 380 3813 eali
390 3765 475 3813 uiuere
486 3768 511 3811 et
522 3763 574 3825 tpei
585 3761 635 3810 eali
646 3762 700 3809 eine
713 3771 772 3819 etc;
792 3774 828 3808 un
841 3761 892 3824 ipat
903 3760 954 3809 eati
966 3760 1050 3809 nium
1061 3764 1087 3808 et
1098 3761 1149 3824 spa
1161 3760 1211 3809 eole'
1222 3763 1326 3821 emite,

150 3854 254 3917 etinipeo
271 3851 374 3917 quand.
386 3851 422 3898 ni.
435 3850 490 3898 eine
497 3846 565 3910 pall.
576 3846 728 3911 permanebo

200 3942 222 3988 b.
239 3954 302 3987 ann.
316 3952 368 3986 aee.
387 3951 443 3984 eae»
454 3938 574 3997 royantee
589 3938 621 3981 ut
633 3943 664 3990 ος
681 3945 700 3980 1>
713 3947 778 3980 omn.
792 3947 843 3979 aee.
862 3947 917 3979 eam
929 3931 1105 3995 amplexantes
1114 3947 1199 3995 penna
1216 3933 1272 3981 οιίιο
1284 3948 1326 3984 ro·

149 4030 261 4089 omenque
271 4039 340 4084 ean,
357 4037 437 4071 laec.
451 4036 516 4069 onan.
526 4035 611 4082 penna
622 4019 690 4075 nae,
706 4021 828 4081 ropantee
839 4032 909 4075 eam,
926 4031 962 4066 as
981 4033 1046 4066 omn.
1061 4022 1197 4082 eoepmnt
1214 4018 1328 4068 semlant

151 4111 209 4173 peda
221 4111 270 4160 eine
285 4114 311 4158 et
320 4124 404 4172 aenea
416 4108 470 4155 en'ae
480 4106 613 4170 amplecti,
629 4108 751 4169 repentae
767 4119 822 4153 eam
839 4102 867 4165 (a
880 4103 934 4152 edd
945 4103 1086 4166 humiliter)
1101 4102 1105 4169 Ι
1118 4117 1137 4151 n
1145 4105 1191 4168 pie
1202 4105 1280 4154 ame
1292 4102 1296 4170 Ι
1310 4119 1328 4155 Β

151 4192 295 4261 raam!
312 4209 348 4243 uu
361 4210 403 4243 om
415 4209 499 4242 manee
510 4192 552 4256 pri
566 4189 570 4257 Ι
584 4206 655 4242 nom
666 4205 802 4241 oenneeeoc
816 4188 992 4255 lyaadioeuu
1004 4188 1157 4252 nddmayno
1172 4187 1176 4254 Ι
1190 4189 1326 4254 adeum!

153 4281 251 4331 ecana:
267 4295 282 4331 c
295 4281 348 4330 edd
361 4281 385 4328 ei
404 4277 407 4344 Ι
428 4281 596 4329 benedictum.-
613 4290 650 4327 AB
663 4277 716 4327 edd
729 4279 756 4325 tn
767 4276 855 4326 eeceela
867 4275 871 4341 Ι
887 4276 945 4340 qui:
963 4289 999 4325 eu
1013 4276 1073 4339 qaia
1085 4271 1091 4340 Ι
1106 4288 1121 4325 0
1133 4277 1309 4342 manifestabit
1322 4276 1326 4342 Ι

153 4369 219 4415 tenne
232 4382 248 4417 ι
259 4384 342 4425 men,
360 4380 378 4415 u
390 4367 548 4430 eirytnttatie
559 4381 620 4414 eene
639 4361 643 4430 Ι
663 4365 732 4413 ueie.
742 4362 814 4427 plebi
826 4363 856 4425 (ι
870 4362 924 4413 edd
941 4362 1014 4424 eene)
1026 4361 1079 4411 Iar.
1099 4365 1131 4409 ut
1144 4372 1213 4421 οιιις
1232 4363 1330 4428 aptati

153 4450 306 4515 ΗιΙοιιιὶιιο
318 4452 394 4517 Iena),
406 4466 423 4502 ι
434 4453 551 4502 aninmo
564 4451 615 4502 Iar.
