2962 4912
138 285 203 350 200
263 285 498 338 avertebamus
515 284 708 336 lnnsn'rrsa
726 282 917 336 ABABICUM.
944 283 1061 336 XXXVI.
1078 284 1213 337 xxxva

139 437 293 503 membra
312 437 504 503 mordebat.
540 434 701 500 Audiens
725 456 807 519 ergo
824 440 936 501 mater
957 434 1061 499 huius
1077 436 1197 501 miseri
1213 435 1343 501 famam

140 540 244 606 herae
261 540 395 606 Mariae
417 546 453 605 et
468 538 532 603 filii
552 540 627 604 eius
643 538 726 603 Iesu
744 538 895 604 surrexit
916 558 956 603 ac
972 537 1082 603 filium
1099 560 1200 604 suum
1214 536 1343 602 Iudam

141 665 258 710 secum
274 644 318 708 ad
334 643 510 709 dominam
526 641 674 707 Mariam
690 641 845 706 deduxit.
869 640 1017 707 Interim
1026 640 1178 711 Iacobus
1195 647 1231 708 et
1240 639 1346 706 Ioses

141 748 318 814 dominum
334 745 452 811 Iesum
467 744 638 810 infantem
657 744 890 825 abduxerant,
912 749 951 808 ut
967 764 1044 808 cum
1062 744 1211 811 caeteris
1227 743 1345 809 infan-

139 851 235 915 tibus
257 849 435 929 luderent3
456 868 497 913 ac
515 847 616 913 domo
638 848 770 931 egressi
790 846 1032 927 consederant,
1060 854 1096 915 et
1116 869 1194 913 cum
1214 847 1266 913 eis
1284 845 1348 913 do·

140 955 256 1019 minus
271 951 383 1017 Iesus.
407 948 571 1015 Accessit
585 949 692 1015 Iudas
709 949 956 1016 daemoniacus
973 949 1068 1017 etad
1084 951 1243 1018 dextram
1259 949 1346 1016 Iesu

140 1056 313 1138 consedit,
335 1063 408 1121 tum
430 1077 451 1121 a
473 1062 609 1135 satana,
632 1060 671 1120 ut
686 1054 761 1119 fieri
784 1053 933 1136 solebat,
957 1055 1144 1121 infestatus
1162 1055 1347 1123 dominum

140 1161 258 1226 Iesum
269 1158 426 1225 mordere
437 1158 555 1238 voluit,
569 1157 631 1222 sed
641 1178 710 1222 non
721 1158 845 1240 potuit,
856 1163 973 1223 tamen
984 1158 1076 1225 latus
1087 1158 1170 1225 Iesu
1182 1157 1346 1226 dextrum

140 1263 324 1347 percussit,
342 1262 435 1328 unde
451 1261 508 1326 hic
524 1261 607 1326 flere
625 1261 749 1344 coepit.
773 1260 957 1344 Extemplo
975 1261 1080 1326 exivit
1095 1282 1137 1327 ex
1152 1282 1264 1345 puero
1281 1260 1348 1327 iilo

141 1372 280 1431 satanas
302 1365 457 1449 fugiens,
483 1365 561 1430 cani
587 1363 709 1429 rabido
733 1364 868 1429 similis.
917 1363 987 1428 Hic
1012 1371 1128 1430 autem
1151 1386 1256 1449 puer,
1284 1365 1346 1448 qui

140 1468 259 1534 Iesum
283 1469 458 1552 percussit
482 1476 518 1533 et
542 1489 583 1532 ex
605 1488 673 1551 quo
701 1474 839 1534 satanas
864 1468 976 1533 forma
1001 1468 1097 1533 canis
1120 1469 1241 1550 exivit,
1268 1473 1350 1532 erat

141 1573 249 1640 Iudas
270 1572 498 1652 Ischariotes‚
525 1572 584 1653 qui
611 1571 710 1635 illum
731 1570 875 1636 Iudaeis
897 1571 1069 1655 prodidit3
1095 1578 1130 1637 et
1150 1571 1245 1637 idem
1267 1571 1347 1636 eius

141 1677 244 1756 latus,
264 1676 301 1739 in
313 1695 380 1759 quo
391 1678 613 1757 percusserat
624 1693 701 1737 eum
712 1672 831 1754 Iudas,
848 1674 972 1739 Iudaei
983 1674 1105 1740 lancea
1116 1675 1348 1740 confixerunt.

581 1860 702 1928 Carnu
724 1861 903 1929 XXXVI.

229 1998 316 2065 Cum
332 2019 410 2064 vero
428 1998 587 2063 dominus
606 1997 707 2063 Iesus
725 2005 858 2082 septem
880 2001 1005 2065 aetatis
1023 2020 1106 2065 suae
1123 2019 1238 2065 annos
1256 2019 1348 2064 com-

142 2103 318 2188 plevisset,
336 2102 391 2167 die
404 2102 553 2185 quodam
564 2102 770 2184 cumpueris
785 2102 1003 2185 aequalibus,
1020 2103 1041 2166 i.
1054 2123 1082 2168 e.
1101 2102 1161 2186 qui
1178 2103 1212 2167 ei
1230 2109 1346 2169 aetate

144 2226 321 2290 compares
344 2210 459 2286 erant,
481 2202 695 2269 versabatur.
731 2201 920 2270 Ludebant
939 2210 1056 2270 autem
1078 2206 1112 2269 in
1136 2204 1226 2287 luto,
1249 2203 1345 2271 unde

143 2307 329 2375 simulacra
344 2305 637 2373 asinorumboum
653 2307 766 2371 avium
783 2307 1001 2391 aliorumque
1018 2307 1223 2373 animalium
1238 2307 1345 2391 finge·

142 2412 237 2492 bant,
255 2416 289 2476 et
305 2431 369 2476 sua
385 2411 534 2493 quisque
551 2414 625 2474 arte
646 2409 799 2493 glorians
817 2431 917 2475 suum
935 2432 1022 2494 opus
1039 2411 1221 2494 probabat.
1245 2409 1346 2478 Tunc

143 2514 304 2579 dominus
319 2512 421 2578 Iesus
438 2512 526 2577 dixit
544 2511 678 2595 pueris:
709 2511 785 2596 Ego
807 2512 870 2577 illa
887 2533 975 2596 quae
993 2513 1061 2579 feci
1084 2513 1275 2580 simulacra
1295 2515 1345 2580 in·

142 2617 265 2683 cedere
286 2615 426 2682 iubebo.
466 2614 622 2698 Rogatus
643 2635 664 2678 a
684 2615 803 2697 pueris
825 2636 907 2679 num
928 2616 1038 2699 igitur
1059 2619 1226 2684 creatoris
1251 2625 1348 2685 esset

142 2719 251 2801 filius,
274 2719 434 2785 dominus
450 2717 552 2782 Iesus
568 2716 631 2781 illa
646 2716 809 2782 incedere
826 2717 943 2783 iussit:
967 2739 1055 2801 quae
1073 2720 1247 2804 extemplo
1266 2720 1347 2786 snb·

143 2822 238 2887 silire
257 2827 462 2905 coeperunt3
482 2819 620 2903 deinde,
638 2841 716 2886 cum
732 2821 775 2887 iis
791 2821 926 2887 veniam
944 2822 1108 2904 dedisset,
1124 2845 1247 2890 rursus
1266 2823 1347 2890 sub·

142 2927 319 2991 stiterunt.
356 2923 506 2989 Fecerat
529 2930 644 2990 autem
669 2925 782 2989 avium
806 2945 1057 3009 passerumque
1083 2925 1229 3011 figuras,
1254 2949 1347 3012 quae

142 3050 219 3094 cnm
240 3027 356 3095 volare
380 3028 473 3110 ipsas
496 3026 634 3093 iuberet
653 3027 832 3109 volabant,
858 3033 893 3093 et
917 3049 993 3093 cum
1019 3035 1110 3094 stare
1136 3030 1348 3096 iuberentur

142 3131 397 3212 consistebant3
419 3151 494 3196 cnm
512 3138 626 3196 autem
642 3130 759 3196 cibum
779 3137 814 3196 et
828 3137 947 3215 potum
965 3132 1015 3196 eis
1031 3135 1243 3217 porrigeret,
1267 3134 1348 3200 ede-

140 3235 227 3302 bant
242 3242 277 3301 et
291 3234 469 3300 bibebant.
500 3232 690 3316 Postquam
707 3233 871 3299 abierunt
885 3234 985 3316 pueri
1003 3241 1037 3299 et
1052 3235 1259 3317 parentibus
1276 3237 1349 3303 ista

141 3339 214 3403 suis
231 3337 436 3419 retulerunt,
459 3336 624 3400 dixerunt
639 3335 711 3401 illis
728 3341 846 3419 patres
868 3337 1036 3420 ipsorum:
1069 3335 1206 3421 Cavete,
1230 3359 1251 3404 o
1268 3339 1346 3422 filii,

140 3442 268 3506 iterum
284 3459 361 3503 cum
378 3457 418 3503 eo
435 3439 689 3518 consuescatis;
711 3444 766 3503 est
785 3440 877 3504 enim
893 3439 1082 3520 veneficus;
1105 3440 1217 3525 fugite
1235 3441 1348 3524 igitur

142 3564 220 3608 eum
238 3549 273 3609 et
288 3541 404 3622 vitate,
423 3562 507 3606 neve
525 3541 652 3606 dehinc
669 3543 796 3607 iterum
813 3564 889 3607 cum
906 3564 946 3608 eo
964 3542 1086 3608 ludite.

568 3726 688 3794 Carnu
711 3727 910 3797 XXXVII.

228 3863 385 3950 Quodam
407 3865 463 3931 die
487 3865 647 3932 dominus
663 3864 766 3931 Iesus
787 3885 863 3930 curn
879 3867 998 3948 pueris
1015 3867 1216 3932 discurrens
1238 3875 1274 3934 et
1295 3870 1345 3935 lu·

141 3968 228 4034 dens
250 3967 426 4035 officinam
446 3967 606 4033 tinctoris
628 3967 825 4051 praeteriit,
849 3967 949 4033 cuius
968 3989 1093 4034 nomen
1117 3977 1192 4035 erat
1208 3967 1343 4053 Salem

139 4092 353 4104 .....--—-

209 4159 326 4211 xxxvl.
346 4159 466 4209 ludebant
475 4164 558 4209 mutan
570 4161 596 4208 iu
606 4160 660 4210 luto
671 4186 679 4197 ·
690 4160 849 4222 -probobctr
861 4161 900 4210 ita
911 4161 950 4211 Fi.
960 4176 1008 4225 pro
1020 4160 1088 4211 Sinti
1100 4163 1341 4226 interpretatione,

140 4263 208 4312 qnae
218 4248 256 4296 sic
268 4245 363 4295 hebet:
377 4246 420 4309 qui
430 4244 544 4294 ludentes
554 4247 641 4294 carias
649 4261 680 4295 sc
690 4245 1001 4312 hstosormarflnpebant,
1015 4248 1108 4304 minor,
1122 4247 1204 4306 bocer,
1217 4248 1341 4308 coheres,

138 4341 164 4386 ct
182 4334 237 4385 clio
254 4334 294 4383 uis
309 4331 419 4390 cimilia,
438 4336 464 4382 et
480 4333 648 4396 uuusquisque
666 4349 737 4381 mum
755 4333 855 4383 iactatu
873 4350 935 4398 opus
951 4349 1027 4398 super
1042 4336 1200 4383 coeterorum
1207 4334 1343 4398 parmata
1368 4375 1390 4387 -

138 4418 231 4490 efferre
242 4417 383 4470 conabatur
