2962 4912
398 323 570 376 HISTORIA.
584 324 737 376 1osmPfl1.
772 324 846 377 CAP.
866 328 925 377 VII.
944 328 1019 378 VIII.
1039 329 1084 379 [x.
1282 331 1343 395 125

137 466 227 538 dixit
242 473 312 539 illi:
329 474 481 558 Iosephe
499 475 548 539 fili
559 474 684 556 David,
703 497 745 541 ne
763 476 886 542 timeas
903 478 1062 560 accipere
1073 478 1222 545 Mariam
1240 503 1342 564 spon·

139 592 211 641 sam
227 584 336 644 tuam:
357 579 487 662 quippe
506 579 668 662 concepit
683 579 726 644 de
744 581 870 661 spiritu
887 586 1018 661 sancto,
1039 588 1075 645 et
1089 583 1204 665 pariet
1220 584 1340 668 filium,
1469 651 1474 673 ,

145 681 240 746 cuius
257 701 382 747 nomen
399 681 637 764 appellabitur
652 682 764 748 Iesus.
796 682 866 747 Hic
883 683 942 747 ille
961 687 1037 768 (est)
1055 686 1114 767 qui
1132 685 1342 768 gubernabit

149 803 258 851 omnes
281 791 404 869 gentes
427 792 564 867 sceptro
589 784 712 849 ferreo.
745 785 855 869 (Haeo
877 786 1094 870 prolocutus)
1112 788 1276 854 discessit
1297 791 1339 854 ab

153 910 189 955 eo
211 888 361 972 angelus.
409 885 568 953 Surrexit
589 909 668 951 vero
691 887 864 971 Iosephus
887 890 928 953 de
951 909 1070 954 somno
1094 912 1172 973 suo,
1199 892 1342 959 etfacit

156 990 428 1078 quemadmodum
438 992 507 1074 ipsi
518 990 653 1056 dixerat
664 990 809 1074 angelus
821 991 968 1071 domini;
981 999 1015 1057 et
1025 995 1341 1075 permansitMaria

161 1095 234 1183 apud
249 1094 357 1160 illum.

625 1262 746 1331 Garun
769 1265 851 1331 VII.

226 1421 414 1485 Interiectu
433 1421 560 1486 deinde
577 1426 733 1502 tempore
750 1419 882 1503 prodiit
898 1419 1099 1485 mandatum
1115 1421 1157 1485 ab
1175 1419 1338 1506 Augusto

164 1527 285 1595 Caesare
302 1527 362 1608 (et)
378 1545 459 1608 rege
477 1532 516 1589 ut
532 1523 793 1589 describeretur
811 1524 994 1588 universus
1012 1524 1106 1589 orbis
1123 1524 1337 1606 habitabilis,

163 1627 378 1710 unusquisque
411 1627 447 1690 in
474 1627 613 1692 civitate
641 1648 713 1691 sua.
761 1623 915 1710 Surgens
947 1627 1065 1709 itaque
1092 1648 1199 1691 senex
1223 1628 1337 1693 iustus

163 1729 306 1814 Iosephus
343 1732 481 1814 accepit
516 1736 657 1817 (secum)
687 1730 836 1795 Mariam
874 1732 1058 1815 virginem,
1095 1739 1130 1797 et
1167 1738 1339 1796 venerunt

162 1833 332 1914 Bethleem,
356 1835 439 1916 quia
455 1834 610 1900 instabat
625 1840 746 1918 partus
765 1835 850 1898 eius.
884 1833 1073 1917 Inscripsit
1093 1839 1210 1899 autem
1226 1833 1335 1918 (Iose-

163 1938 239 2024 phus)
255 1957 381 2000 nomen
400 1958 499 2001 suum
516 1936 690 2019 catalogo:
709 1958 788 2000 nam
800 1935 974 2019 Iosephus
991 1936 1219 2016 filiusDavid,
1238 1937 1337 2000 cuius

162 2059 263 2124 sponsa
273 2042 372 2123 (erat)
383 2039 507 2120 Maria,
526 2041 592 2105 fuit
604 2041 645 2104 de
657 2039 862 2104 tribquda.
886 2040 933 2104 Et
951 2039 1091 2123 quidem
1101 2039 1216 2104 Maria
1228 2045 1338 2125 mater

162 2163 217 2209 mea
236 2142 373 2224 peperit
397 2163 451 2207 me
477 2141 691 2222 Bethleemi,
723 2141 760 2205 in
792 2140 961 2224 spelunca
989 2143 1146 2224 proxima
1171 2142 1333 2225 sepulcro

162 2244 267 2312 Rachel
282 2245 401 2309 uxoris
418 2244 540 2310 Iacchi
556 2244 787 2328 patriarchae,
806 2266 895 2327 quae
913 2244 1003 2328 (fuit)
1020 2245 1284 2328 materIosephi
1302 2251 1337 2311 et

161 2348 329 2415 beniamin.

610 2517 730 2585 Garun
754 2519 857 2585 VIII.

225 2671 287 2738 Sed
314 2679 455 2739 satanas
483 2675 545 2738 ivit
569 2674 760 2756 retulitque
787 2673 875 2757 (hoc)
901 2672 1037 2738 Herodi
1062 2671 1210 2756 Magno,
1241 2677 1333 2756 patri
1438 2665 1440 2669 ’

160 2773 309 2841 Archelai.
360 2776 529 2861 Idemque
555 2776 612 2841 hic
637 2776 799 2843 Herodes
826 2781 924 2861 (erat)
950 2777 1010 2859 qui
1036 2777 1150 2859 capite
1175 2777 1333 2840 truncari

161 2881 240 2946 iussit
259 2880 453 2946 Iohannem
479 2882 627 2946 amioum
658 2887 693 2945 et
718 2887 904 2964 cognatum
930 2901 1054 2944 meum.
1100 2879 1254 2944 Proinde
1280 2900 1333 2944 me

162 2983 321 3067 diligenter
342 2985 565 3068 perquisivit,
590 2985 792 3049 existimans
815 3005 959 3067 regnum
982 3004 1094 3048 meum
1116 2981 1190 3047 fore
1208 2982 1250 3046 de
1268 2982 1334 3048 hoc

160 3088 271 3153 mundo.
322 3089 453 3156 Verum
480 3089 679 3154 admonitus
705 3094 759 3153 est
784 3087 860 3170 (hac
886 3087 927 3152 de
953 3093 1002 3170 re)
1027 3085 1201 3169 Iosephus
1227 3107 1333 3150 senex

160 3190 205 3256 ille
217 3194 287 3275 pius
304 3214 369 3275 per
385 3193 567 3257 somnium.
604 3191 691 3256 Ideo
708 3211 854 3274 surgens
871 3191 1008 3273 accepit
1023 3190 1172 3255 Mariam
1188 3195 1332 3254 matrem

160 3314 254 3376 meam,
275 3300 309 3361 et
326 3316 390 3378 ego
411 3296 447 3359 in
465 3295 576 3377 ipsius
594 3296 671 3358 sinu
689 3292 873 3376 (recubui);
896 3295 1056 3357 comitem
1073 3295 1177 3357 etiam
1194 3293 1332 3356 itiueris

160 3398 225 3480 ipsis
240 3420 272 3462 se
288 3397 453 3481 praebuit
469 3394 618 3462 Salome.
654 3395 841 3460 Profectus
860 3417 940 3478 ergo
959 3396 1059 3460 domo
1080 3397 1116 3459 in
1133 3392 1332 3477 Aegyptum

161 3503 287 3582 secessit,
305 3501 591 3583 permansit(que)
608 3498 659 3563 ibi
675 3499 825 3581 spatium
842 3499 946 3562 unius
964 3499 1092 3582 integri
1110 3499 1203 3578 anni,
1221 3497 1332 3562 donec

160 3606 274 3669 transiit
288 3605 420 3668 invidia
437 3603 602 3668 Herodis,
838 3601 842 3610 '

625 3788 746 3856 Oarur
769 3790 836 3854 IX.

225 3925 317 3994 Obiit
325 3951 405 3994 vero
417 3930 602 4014 (Herodes)
613 3931 764 4013 pessimo
776 3929 897 3994 mortis
914 3949 1053 4011 genere,
1069 3945 1218 4010 poenam
1229 3924 1331 3990 luens

160 4027 239 4095 effusi
253 4055 436 4116 puerorum
454 4034 647 4117 sanguinis,
666 4054 752 4116 quos
771 4032 915 4098 emedio
933 4033 1052 4114 inique
1071 4028 1216 4094 sustulit
1226 4049 1332 4111 quum

161 4129 227 4212 ipsis
241 4158 305 4202 non
321 4138 454 4202 inesset
470 4144 661 4220 peccatum.
697 4134 815 4218 Atque
833 4137 1006 4200 exstincto
1023 4140 1169 4217 tyranno
1187 4133 1254 4197 isto
1272 4132 1332 4195 im·

162 4236 205 4314 pio
214 4237 342 4306 Herode
362 4242 490 4306 reversi
507 4246 588 4306 sunt
598 4239 739 4323 (Ioseph
755 4247 791 4304 et
804 4246 915 4304 mater
930 4242 1017 4321 mea)
1033 4239 1070 4301 in
1081 4244 1209 4301 terram
1219 4234 1332 4300 Israe-

163 4334 204 4417 lis,
218 4347 247 4404 et
260 4341 461 4409 habitarunt
477 4345 513 4408 in
530 4344 615 4407 urbe
629 4341 811 4408 Galilaeae
828 4362 916 4425 quae
934 4337 1329 4424 appelleturNazareth.

162 4435 303 4527 losephus
320 4453 436 4512 autem
447 4447 702 4530 professionem
713 4446 798 4511 artis
809 4445 980 4528 lignariae
991 4449 1156 4526 repetens
1166 4460 1330 4506 manuum
