3000 4912
427 278 660 331 svaudunum
679 281 825 332 uflounu
844 282 1014 334 LATINUM.
1042 283 1078 335 11.
1293 287 1353 352 165

153 430 201 496 Et
217 431 333 514 coepit
348 431 531 515 palpitare.
571 431 620 497 Et
639 433 728 497 dixit
750 434 875 498 iterum
897 433 941 498 ad
957 435 1104 517 piscem:
1138 435 1286 504 Reiecta
1302 440 1353 505 sal

153 541 249 599 tuum
273 535 366 618 quod
386 535 512 618 habes,
539 541 575 601 et
596 536 736 602 ambula
757 538 792 600 in
814 557 949 619 aquam.
997 537 1046 602 Et
1066 537 1197 604 lactum
1220 547 1273 607 est
1292 543 1353 607 ita.

152 636 323 704 Videntes
359 644 476 703 autem
506 641 611 704 vicini
644 640 738 723 quod
774 639 904 704 factum
938 639 1067 722 fuerat,
1105 644 1355 709 nuntiaverunt

152 740 290 805 mulieri
311 741 452 824 viduae,
475 744 511 808 in
535 743 634 808 cuius
658 743 759 808 domo
781 743 983 808 morabatur
1001 743 1117 809 Maria
1136 752 1248 812 mater
1269 748 1355 813 eius.

151 841 221 907 Illa
243 863 321 909 vero
348 850 387 908 ut
412 845 559 926 audivit,
587 866 663 910 cum
690 844 917 911 festinatione
944 867 1069 930 magna
1094 849 1199 915 eiecit
1225 871 1284 915 eos
1311 850 1352 915 de

154 945 255 1011 domo
273 967 345 1011 sua.

228 1190 322 1240 Curru
342 1189 378 1239 11.
415 1191 591 1251 QUOMODO
610 1192 789 1243 unulsraa
808 1191 926 1244 EIECIT
945 1193 1020 1243 EUM
1039 1195 1084 1244 DE
1103 1193 1274 1245 clvlrsrx.

238 1359 247 1391 ¹
263 1357 311 1424 Et
328 1358 575 1425 deambulante
587 1360 669 1425 Iesu
691 1381 768 1425 cum
778 1358 894 1425 Maria
909 1365 1018 1425 matre
1036 1361 1111 1425 eius
1128 1363 1353 1443 permedium

150 1459 265 1525 lorum
283 1462 444 1546 civitatis,
465 1463 659 1547 respiciens
675 1464 764 1528 uidit
778 1463 983 1546 magistrum
1000 1462 1183 1529 docentem
1202 1465 1354 1550 discipu·

151 1563 204 1630 los
222 1585 314 1630 suos
339 1565 387 1631 Et
403 1586 483 1631 ecce
497 1565 576 1631 XII
591 1588 753 1650 passeres
770 1566 981 1632 insidiantes
997 1566 1091 1632 inter
1102 1588 1137 1633 se
1150 1568 1354 1634 ceciderunt

150 1687 214 1748 per
229 1688 365 1733 murum
381 1670 418 1733 in
436 1670 551 1735 sinum
567 1669 664 1735 illius
681 1670 839 1753 magistri
851 1669 912 1753 qui
927 1690 1056 1753 pueros
1069 1670 1227 1737 docebat.
1251 1672 1353 1738 Iesus

150 1776 267 1836 autem
289 1791 367 1836 cum
387 1772 548 1854 vidisset,
576 1770 698 1838 hilaris
721 1774 836 1839 factus
860 1779 914 1840 est
939 1781 975 1839 et
995 1775 1104 1840 stetit.
1151 1772 1267 1839 ’Oum
1291 1775 1353 1841 ille

151 1872 274 1938 doctor
292 1875 380 1940 vidit
404 1875 504 1941 illum
528 1876 675 1942 hilarem
697 1876 842 1959 factum,
869 1898 947 1941 cum
972 1877 1090 1942 furore
1117 1897 1241 1960 magno
1266 1877 1354 1943 dixit

151 1974 335 2060 discipulis
353 1980 440 2044 suis:
472 1978 527 2044 lte
549 1979 713 2044 adducite
731 2000 810 2045 eum
829 1979 873 2045 ad
890 1999 954 2044 me.
993 1977 1081 2044 Oum
1103 1984 1220 2045 autem
1241 1986 1354 2047 sustu·

149 2080 276 2147 lissent
301 2103 394 2164 eum,
420 2082 587 2166 magister
611 2082 846 2166 apprehendit
869 2081 1061 2147 auriculam
1088 2082 1163 2146 eius
1190 2088 1226 2148 et
1250 2082 1352 2149 dixit:

152 2181 245 2266 Quid
261 2184 380 2250 vidisti
398 2184 491 2268 quod
508 2185 630 2250 hilaris
648 2184 762 2250 factus
780 2182 841 2250 as?
863 2183 914 2249 At
930 2184 1090 2248 illedixit
1107 2184 1154 2248 ei:
1171 2183 1352 2268 Magister,

150 2431 232 2491 coepit
239 2429 383 2492 palpitare.
408 2430 446 2478 Et
457 2430 525 2478 dixit
544 2430 634 2478 iterum
653 2431 687 2478 ad
695 2430 805 2491 piscem:
822 2429 931 2477 Reiaoto
943 2428 1006 2491 (rio)
1018 2427 1061 2477 eol
1073 2431 1141 2477 taam
1153 2429 1219 2492 qood
1237 2427 1314 2477 bader
1329 2431 1354 2477 et

150 2515 250 2563 ambulo
263 2516 288 2563 im
301 2531 376 2579 aquo.
399 2515 545 2579 Etsactum
557 2519 596 2562 eet
606 2514 652 2564 ita.
677 2513 797 2563 Videntee
809 2518 892 2562 autem
904 2514 982 2562 viriet
994 2514 1277 2578 quodfactamsuerot,
1290 2529 1352 2562 ααα·

149 2601 280 2649 eiecerunt
297 2599 400 2648 mulieri
416 2600 519 2657 viduae,
537 2599 564 2646 in
583 2599 654 2647 raiae
669 2598 742 2647 domo
759 2597 909 2647 morabatur
921 2598 1013 2647 Maria
1024 2602 1106 2648 mater
1124 2599 1184 2647 eiua.
1215 2599 1249 2648 Ut
1267 2604 1353 2649 autem

149 2686 239 2735 audita
251 2689 310 2734 eunt
322 2685 397 2743 tolia,
416 2701 470 2733 eam
473 2685 646 2749 festinatione
658 2685 732 2733 eiecit
744 2684 828 2733 eorde
840 2685 912 2734 domo
925 2701 979 2734 cao.
1005 2684 1137 2734 Similiter
1148 2696 1165 2732 a
1180 2684 1254 2747 (vide
1268 2700 1349 2748 cupre

149 2771 183 2819 ed
195 2771 238 2820 Ps.
252 2772 352 2821 Metth.
366 2770 470 2833 xxva:
488 2768 674 2819 Deomdaloete
686 2770 745 2819 Iera
757 2785 808 2832 per
825 2770 910 2832 ripam
922 2771 1014 2828 marie,
1026 2771 1123 2832 piscem
1134 2771 1215 2819 marie
1226 2774 1352 2820 mortuum

149 2874 180 2905 oe
191 2858 294 2906 aridum
305 2858 385 2906 mdim
403 2858 502 2918 accepit
514 2857 595 2919 ipram
605 2855 633 2904 ia
641 2855 736 2917 pelvim
747 2853 803 2920 [et]
813 2857 949 2919 proecepit
960 2860 989 2904 ut
996 2856 1157 2918 parprmreef
1171 2857 1214 2920 qai
1225 2857 1314 2906 rtatim
1326 2858 1353 2906 in

152 2957 219 3006 aqua
232 2943 314 3005 coepit
325 2944 373 2990 doc
391 2946 416 2990 et
435 2941 498 2990 illac
509 2941 663 2990 discurrere.
693 2940 812 2989 Videmtee
824 2945 907 2990 ouum
919 2941 997 2989 ricini
1008 2943 1190 2992 nuntiaverant
1200 2942 1308 3000 viduae,
1327 2943 1353 2991 in

150 3029 220 3078 raiae
231 3028 421 3092 domosereramt
433 3028 564 3089 trepitati.
583 3026 640 3075 Illo
650 3042 710 3076 oero
722 3031 752 3077 ut
763 3027 871 3085 audivit,
883 3026 1039 3076 existimauit
1048 3029 1113 3092 qaod
1125 3029 1193 3092 mapi
1206 3031 1289 3078 errent
1296 3027 1352 3093 [et]

151 3114 382 3179 camfeetimatione
395 3113 469 3162 eiecit
481 3127 522 3161 eor
533 3113 565 3160 de
576 3112 649 3162 domm
661 3128 716 3162 ruo.

217 3197 342 3249 Ceterum
355 3199 449 3249 verba:
468 3199 506 3247 Et
518 3199 601 3262 coepit
607 3199 743 3262 palpitare
756 3213 787 3248 ex
799 3210 819 3247 1>
832 3197 993 3247 inseruimus
1005 3198 1075 3248 libro
1089 3198 1230 3257 Vaticano,
1242 3201 1307 3249 itom
1321 3214 1353 3248 ex

150 3284 198 3333 illo
211 3284 333 3333 dedimus
346 3284 388 3334 eol
401 3288 470 3333 taum
482 3284 549 3347 quod
561 3299 609 3347 pro
622 3283 702 3334 rotem
714 3288 782 3334 tama
795 3283 869 3348 qaod.

219 3386 254 3437 11.
274 3386 318 3437 Ite
331 3387 441 3437 titulum
455 3387 633 3444 restituimus,
652 3387 680 3435 in
695 3386 787 3436 codice
800 3386 871 3435 enim
886 3390 941 3435 est:
970 3383 1097 3446 Quomodo
1110 3383 1201 3433 Μανία
1213 3385 1287 3434 eiem't
1299 3401 1353 3434 eam

149 3473 180 3522 de
192 3473 304 3522 civitate.
335 3472 387 3522 Pro
400 3473 491 3520 Mario
504 3473 591 3535 possis
604 3473 686 3523 etiam
699 3473 820 3536 mopieter
833 3487 887 3520 cam
898 3470 991 3520 Marta
1003 3471 1152 3535 corrigam
1171 3469 1218 3520 sed
1231 3476 1353 3535 praestat

151 3558 223 3622 quod
236 3558 356 3608 intexta
369 3557 515 3621 posuimus.

217 3642 316 3693 lledem
328 3642 421 3692 fabula
438 3643 467 3691 iu
479 3641 626 3692 Parieiensi
639 3641 732 3691 codice
745 3640 865 3691 habetur·¹
874 3641 963 3703 eapite
976 3637 1085 3698 XXVI„
1104 3639 1176 3703 quod
1189 3641 1351 3705 inscriptum

150 3733 205 3779 est:
232 3729 273 3778 De
284 3730 339 3778 rtem
352 3729 411 3777 Iera
419 3731 529 3789 propter
537 3741 658 3789 parceres
668 3726 718 3777 eidi
730 3727 835 3775 laricem
848 3726 1008 3776 inridiomtee.

217 3827 227 3858 ¹
240 3832 278 3880 Et
289 3831 454 3880 deomdalome
465 3831 538 3879 Ieme
550 3845 603 3878 cum
615 3829 707 3878 Maria
724 3833 808 3878 matre
825 3845 873 3878 eoo
887 3843 937 3893 per
948 3828 1055 3877 medium
1065 3829 1127 3893 scri
1139 3829 1253 3879 civitatis
1271 3829 1352 3888 illiue,

148 3918 286 3982 reepice'eme
303 3917 369 3966 vidit
380 3916 528 3980 moptetrem
541 3914 663 3979 quemdam
675 3915 817 3979 discipulos
828 3930 887 3964 rece
899 3914 1035 3963 docentem.
1066 3914 1104 3962 Et
1122 3931 1178 3964 eece
1193 3919 1287 3979 reptem
1300 3916 1352 3978 (sic

148 4002 239 4052 codex.
264 4001 398 4051 Videntur
411 4002 439 4050 in
451 4001 605 4064 antiquiore
619 4001 740 4064 exemplo
753 4000 805 4050 v11
818 4007 847 4050 et
859 3999 911 4049 llll
925 3997 1059 4062 confuse.)
1069 4014 1190 4062 poereree
1201 4002 1353 4052 imidioetee

148 4087 214 4137 inter
225 4103 252 4137 ee
264 4087 410 4136 ceciderunt
417 4102 466 4150 per
477 4102 573 4134 moram
585 4087 612 4134 ia
624 4086 682 4135 riae
692 4086 811 4150 mapietre'
823 4086 866 4149 qui
877 4085 983 4135 docebat
990 4099 1093 4147 pueror-
1117 4087 1190 4135 Ieeae
1201 4092 1284 4137 autem
1297 4103 1352 4137 crem

147 4171 208 4222 lore
218 4174 332 4231 ridieeet,
348 4171 443 4220 hilaria
451 4173 545 4237 sactae
556 4176 602 4221 eet.
638 4166 649 4199 ²
665 4171 701 4220 Ut
712 4176 795 4221 ααέννα
807 4171 874 4221 vidit
885 4187 938 4220 eam
950 4171 1040 4221 doctor
1051 4170 1160 4221 hilarem
1164 4173 1278 4237 sartam,
1297 4189 1351 4223 eam

140 4258 234 4321 serore
251 4273 341 4322 mopere
358 4259 399 4307 ait
409 4257 544 4322 diecipotie
555 4258 621 4306 rute:
645 4256 687 4306 Ite
699 4261 725 4306 et
737 4258 857 4307 ddedte
868 4273 922 4306 eam
939 4258 974 4306 od
985 4273 1031 4306 me.
1058 4257 1118 4306 Cam
1137 4262 1221 4307 autem
1233 4259 1350 4310 martulis·

147 4347 201 4393 mr
212 4360 275 4402 eam,
288 4344 457 4406 apprehendit
469 4343 613 4393 αανὶσαὶανα
626 4342 716 4405 (Thilo
728 4344 799 4394 mele
812 4341 959 4406 amiculam)
972 4344 1027 4393 etue
1037 4347 1063 4394 et
1074 4344 1155 4393 dieite
1183 4343 1251 4406 med
1263 4346 1352 4394 ναὶναὶ

148 4430 207 4490 puio
222 4430 317 4479 limeis
326 4431 420 4494 factae
437 4431 479 4479 eet
502 4431 540 4478 At
552 4427 598 4478 ille
610 4429 691 4478 dima-
714 4428 856 4492 Mamm,
875 4443 932 4478 eree
943 4443 1032 4478 maer
1045 4429 1127 4494 plera
1139 4429 1230 4478 tritici.
1255 4431 1295 4480 Et
1310 4432 1352 4479 lm‘e
