2962 4912
136 301 237 346 axxn
602 279 873 332 enonaeounns.

180 453 199 500 o
222 434 243 498 i.
259 455 284 498 e.
300 433 406 498 Paris.
421 433 503 516 Reg.
518 454 606 496 nunc
621 432 756 498 Nation.
776 454 864 497 num.
877 434 947 496 770.
969 437 1123 497 exaratus
1138 451 1226 497 anno
1245 432 1337 496 1315.

222 566 322 610 manu
337 544 474 628 Georgii
491 544 678 609 sacerdotis.
722 543 771 610 of.
786 543 969 610 Montfauc.
987 542 1160 626 Palaeogr.
1176 563 1223 626 gr.
1239 564 1269 625 p.
1287 545 1337 607 68.

223 655 283 722 sub
311 654 382 720 cod.
405 653 551 720 Oolbert.
574 658 668 720 2493.
712 655 794 720 Post
817 654 988 720 Birchium
1016 655 1118 719 multo
1147 654 1336 719 accuratius

223 766 364 834 contulit
391 774 425 832 et
451 765 554 831 edidit
586 767 672 847 (vide
701 771 791 849 ante)
816 766 926 847 Thilo,
957 765 1045 848 apud
1075 787 1172 849 quem
1200 766 1285 849 siglo
1315 785 1337 831 s

221 885 364 946 notatur.

179 1028 202 1073 n
225 1009 244 1073 i.
261 1029 287 1073 e.
302 1008 407 1073 Paris.
422 1007 505 1091 Reg.
520 1029 608 1072 nunc
623 1005 657 1072 N
659 1008 760 1073 ation.
775 1028 864 1072 num.
878 1009 967 1072 1021.
983 1006 1196 1074 saeculiXV.
1207 1005 1336 1087 (Thilo-

222 1120 273 1184 nis
293 1127 335 1202 o).
379 1118 448 1184 Hic
470 1124 622 1185 actorum
644 1124 756 1211 textus
779 1119 875 1201 plura
898 1118 964 1183 alia
986 1117 1103 1182 similis
1126 1119 1256 1200 generis
1280 1115 1336 1182 ad·

222 1231 326 1295 mixta
339 1231 454 1310 habet3
475 1231 524 1295 ita
546 1235 621 1312 post
643 1229 813 1294 exordium
831 1231 974 1311 priorem
988 1234 1119 1312 partem
1133 1228 1337 1294 narrationis

222 1341 357 1424 Iosephi
371 1341 631 1406 Arimathiensis
647 1341 756 1423 habet,
780 1342 857 1406 item
880 1341 1075 1407 relationem
1098 1342 1214 1407 mortis
1230 1339 1338 1424 sepul·

221 1458 318 1518 turae
340 1458 374 1518 et
396 1453 651 1519 resurrectionis
668 1451 793 1517 Christi
815 1453 951 1535 proprio
974 1453 1072 1519 modo
1089 1473 1129 1518 ex
1143 1452 1246 1517 variis
1262 1472 1337 1517 con·

222 1564 426 1648 glutinatam.
471 1563 584 1631 Solam
602 1564 742 1630 mediam
758 1563 956 1647 particulam
979 1585 1051 1647 cap.
1066 1563 1232 1632 I—VIII.
1248 1584 1336 1630 com·

222 1676 420 1759 plectentem
436 1675 477 1741 ad
493 1676 765 1740 commentarium
781 1697 876 1740 suum
885 1674 983 1740 Thilo
999 1675 1221 1741 adhibendum
1233 1675 1336 1740 duxit.

223 1787 302 1853 Hoc
324 1786 435 1852 codice
458 1786 604 1869 Gangius
627 1787 663 1851 in
685 1787 858 1856 Glossario
881 1788 1005 1870 passim
1028 1807 1106 1852 usus
1128 1792 1188 1852 est.

179 1935 201 1980 a
221 1915 241 1979 i
258 1935 284 1980 e.
300 1915 376 1981 Par.
391 1913 472 1999 Reg.
489 1936 575 1981 nunc
589 1912 668 1982 Nat.
683 1938 770 1981 num.
787 1919 858 1980 929.
874 1915 996 1980 saeculi
1012 1913 1091 1982 XV.
1109 1913 1275 1995 (Philonis
1292 1920 1336 1996 a).

223 2025 265 2091 In
287 2027 349 2092 hoc
371 2048 438 2093 non
460 2033 590 2092 tantum
612 2028 745 2092 initium
760 2033 794 2092 et
808 2026 883 2090 finis
899 2025 1137 2107 desiderantur,
1161 2026 1336 2092 sedetiam

223 2139 319 2221 plura
341 2139 449 2204 media
469 2140 672 2220 exciderunt,
694 2139 782 2203 foliis
805 2137 943 2220 singulis
961 2138 1096 2220 insuper
1110 2158 1265 2220 perverse
1280 2159 1337 2220 po·

223 2250 305 2314 sitis.
336 2249 495 2316 Continet
510 2271 580 2334 cap.
595 2250 623 2315 I.
639 2250 681 2315 ab
696 2249 792 2314 initio
808 2249 962 2313 mutilum
977 2270 1082 2332 usque
1098 2247 1141 2314 ad
1157 2246 1336 2331 oapVIII.

222 2361 377 2426 medium:
401 2383 500 2445 porro
520 2382 589 2444 cap.
605 2359 711 2426 XIII.
728 2381 800 2425 oum
817 2366 912 2444 parte
928 2359 1048 2442 capitis
1064 2359 1168 2427 XIV:
1192 2359 1336 2444 denique

225 2492 317 2555 capp.
333 2471 403 2540 XV
418 2479 451 2538 et
469 2471 569 2539 XVI.
607 2472 700 2558 Quas
719 2477 832 2555 partes
852 2469 1252 2552 omnescontnlitThi103
1276 2491 1336 2536 nos

223 2584 305 2649 nihil
328 2589 462 2666 praeter
485 2583 654 2649 exordium
678 2583 885 2648 contulimus.
1192 2564 1202 2583 ⁸

183 2732 203 2776 r
223 2712 244 2776 i.
260 2734 287 2777 e.
301 2712 455 2778 Ambros.
471 2711 559 2778 092.
583 2710 631 2777 cf.
647 2711 688 2776 ad
703 2718 894 2795 proterang.
911 2674 1025 2777 Iacobi
1043 2712 1187 2778 codicem
1199 2733 1228 2776 r.
1251 2711 1336 2776 Inde

224 2825 455 2906 exscripsimus
470 2823 601 2888 initium
617 2845 721 2907 nsque
745 2819 898 2907 κᾶκεῖμόσ
920 2847 969 2907 μοι
991 2822 1204 2908 ἑρμήμευσεμ.
1235 2826 1336 2908 λέγει

225 2934 346 2999 αὖτοῖσ
374 2932 569 2999 ὄΠιλάτοσ
580 2936 602 3018 ¹)
633 2934 667 3014 Ι,
690 2938 734 3017 4.,
765 2936 845 3000 item
867 2935 963 3000 finem
994 2940 1043 2998 elie
1072 2925 1182 3017 κύριοσ
1210 2933 1228 2997 ὅ
1253 2933 1336 2997 θεὸσ

224 3046 318 3131 ᾖμῶμ
343 3047 412 3131 μεθ’
440 3046 533 3132 ᾗμῶμ
557 3069 662 3131 usque
685 3053 759 3133 τῶμ
783 3052 936 3131 αῑώμωμ·
975 3036 1071 3130 dpdp.

182 3195 204 3239 o
223 3175 242 3241 i.
252 3196 279 3240 e.
295 3175 447 3240 Ambros.
462 3175 497 3240 A
512 3179 562 3242 56.
578 3176 702 3242 saeculi
712 3175 791 3244 XV.
820 3174 1065 3256 Exscripsimus
1081 3174 1212 3238 initium
1228 3194 1337 3257 usque

224 3285 310 3371 μετὰ
332 3289 500 3351 {minuatne
524 3289 599 3370 (sio)
624 3286 753 3372 dxdeiro
779 3287 854 3369 (sic)
879 3283 898 3351 ὅ
921 3291 956 3352 so*
978 3285 1006 3367 I,
1029 3288 1057 3350 2.
1079 3284 1175 3366 med,
1199 3285 1281 3349 item
1306 3287 1338 3347 οῖ

222 3399 259 3460 δὲ
287 3391 461 3483 λαθόμτεσ
488 3399 529 3462 τὸ
557 3398 710 3484 ἆργύριομ
743 3420 847 3483 usque
870 3401 965 3462 ltere
994 3397 1085 3480 ἅωερ
1116 3396 1335 3481 &apricante

222 3509 334 3590 XHI,
357 3510 530 3594 3—XIV,
552 3514 595 3590 2.,
623 3517 656 3574 et
679 3505 838 3595 καλοῦσψ
861 3501 970 3594 ωάλψ
994 3491 1149 3613 ῲοιμαῐα
1173 3508 1249 3590 (sic)
1274 3506 1335 3592 τὸμ

221 3623 313 3704 lepte
336 3659 378 3670 -
400 3629 473 3705 τῶμ
497 3624 650 3705 αῑώμωμ·
683 3620 779 3705 dprip.
818 3619 917 3703 XVI,
940 3621 969 3683 3.
991 3641 1096 3703 usque
1119 3618 1226 3684 finem.

181 3769 206 3813 Η
222 3750 243 3814 i.
259 3771 285 3815 e.
300 3749 474 3827 Harleian.
489 3751 582 3814 5636.
605 3750 727 3814 saeculi
743 3749 812 3813 fere
827 3747 906 3815 XV.
933 3749 1179 3832 Exscripsimus
1201 3749 1336 3813 initium

222 3881 327 3943 usque
351 3859 451 3943 Κύριε
473 3867 571 3923 καλεῖ
593 3883 633 3922 σε
657 3859 740 3939 (cod.
756 3855 914 3942 καλιῖσαι)
940 3859 958 3924 ὃ
982 3858 1132 3946 ᾖγεμώμ.
1178 3859 1257 3923 ὅδὲ
1276 3862 1336 3923 Πι-

222 3969 345 4046 λάτοσ,
367 3971 447 4034 item
470 3975 519 4034 καὶ
543 3970 661 4033 καθὼσ
683 3972 847 4056 λέγουσιμ
864 3975 895 4036 oi
908 3978 1004 4056 τρεῖσ
1019 3970 1209 4060 διδάσκαλοι
1229 3993 1335 4055 usque

223 4185 244 4251 ¹)
263 4188 321 4239 Hoc
340 4204 437 4240 nomen
455 4195 486 4240 ut
504 4190 532 4240 in
550 4190 671 4254 antiquis
689 4190 758 4240 Novi
778 4189 946 4240 Testamenti
966 4189 1103 4240 codicibus
1122 4193 1165 4240 est
1186 4187 1234 4253 (cf.
1255 4189 1289 4237 N.
1302 4188 1334 4239 Τ.

78 4293 80 4298 ·
138 4272 180 4322 sd.
199 4273 386 4324 Tischendors.
411 4275 487 4324 1849.
524 4274 648 4340 Prolegss.
673 4291 699 4340 p.
719 4273 849 4336 Xllxvl.)
873 4274 1005 4324 edidimus
1026 4268 1170 4329 Πιλᾶτοσ,
1195 4288 1250 4324 non
1274 4289 1335 4324 cnm

136 4358 330 4408 recentioribus
349 4357 490 4410 Gestorum
508 4358 591 4409 Pllsti
610 4358 687 4409 codd.
708 4353 849 4407 Πιλάτοσ.
