2962 4912
143 342 229 387 mv
611 326 882 378 PROLEGOMENA.

144 480 383 562 Fragmentum
413 479 646 543 Parisiense
678 499 719 542 ex
746 476 913 544 Cotelerio
946 484 979 543 et
1011 475 1165 557 Thilone,
1195 474 1349 544 Vindo-

144 592 320 657 bonense
342 613 382 656 ex
403 589 584 655 Lambecio
608 590 793 655 sumsimus.

229 702 283 767 De
311 703 448 785 singulis
477 702 558 767 locis
585 703 738 784 inprimis
765 702 1003 767 illustravimus
1030 701 1139 766 locum
1165 704 1200 767 et
1222 699 1349 785 gravis·

145 814 263 879 simum
288 820 321 878 et
342 814 590 879 vexatissimum
613 813 675 897 VL
697 817 726 879 4.

229 923 397 991 Textum
419 945 564 1008 graece
587 926 617 990 B
646 925 807 991 edidimus
834 947 873 990 ex
897 925 1012 990 codice
1033 924 1272 989 monachorum
1296 920 1347 988 Si·

144 1037 366 1118 naiticorum‚.
383 1036 472 1119 apud
498 1057 582 1119 quos
605 1037 682 1102 dum
710 1043 787 1102 ante
815 1038 875 1101 hos
904 1041 979 1101 octo
1006 1057 1109 1101 annos
1131 1035 1348 1100 versabamur

143 1148 205 1213 hoc
237 1147 441 1232 σύγγραμμα
473 1147 707 1230 descripsimus
719 1149 754 1229 ¹).
804 1146 918 1213 Codex
949 1153 1000 1212 est
1030 1147 1242 1228 chartaceus,
1275 1165 1347 1210 sae·

144 1259 210 1323 culi
232 1257 333 1326 XIV.
356 1259 408 1324 vel
430 1257 519 1340 XV.
542 1259 637 1341 plura
660 1259 700 1323 de
725 1259 757 1325 S.
772 1258 922 1323 Antonio
947 1258 1129 1323 continens.

227 1370 382 1452 Denique
409 1371 511 1436 tertio
539 1370 611 1435 loco
638 1371 735 1454 primi
767 1370 929 1436 edidimus
961 1370 1214 1453 evangelium
1241 1369 1346 1436 Tho·

142 1504 225 1549 mae
249 1482 420 1548 latinum
444 1503 483 1547 ex
498 1483 662 1550 Vaticano
682 1483 804 1563 codice,
826 1483 996 1548 notatione
1012 1481 1154 1564 quadam
1169 1481 1346 1564 synoptico

142 1615 183 1660 ex
211 1594 347 1676 reliquis
375 1595 502 1677 graecis
530 1600 564 1658 et
590 1594 703 1659 latinis
731 1594 851 1660 libellis
880 1595 1039 1677 apposita.
1084 1593 1160 1679 Quo
1191 1594 1226 1658 in
1257 1593 1343 1659 libro

142 1705 354 1771 memorabile
392 1710 443 1770 est
473 1727 494 1770 a
524 1704 628 1771 latino
666 1706 879 1788 compilatore
915 1705 967 1771 vel
1002 1707 1184 1788 interprete
1221 1725 1345 1770 nomen

142 1814 289 1882 Thomas
316 1823 355 1881 ut
380 1817 526 1882 auctoris
549 1822 715 1882 servatum
738 1837 818 1882 esse.
862 1815 1056 1882 Cuiusmodi
1078 1816 1226 1881 nondum
1247 1816 1343 1882 inno·

142 1929 207 1994 tuit
222 1933 357 2011 praeter
373 1927 519 1992 codicem
535 1927 666 2012 collegii
681 1927 906 1993 Mertonensis
925 1949 1011 1993 num.
1030 1929 1087 2010 13.
1110 1928 1203 1992 cuius
1218 1928 1344 1992 mentio

143 2040 180 2105 fit
211 2041 245 2104 in
277 2038 429 2122 catalogo
460 2038 618 2104 librorum
650 2060 724 2104 mss.
756 2039 899 2121 Angliae
931 2045 964 2104 et
994 2039 1183 2104 Hiberniae·
1215 2044 1294 2104 tom.
1317 2038 1344 2104 1.

141 2156 236 2233 parte
259 2152 288 2214 2.
316 2172 388 2233 pag.
415 2151 463 2215 13.
508 2151 575 2218 Sed
597 2151 632 2215 in
655 2152 717 2216 hoc
741 2151 893 2234 catalogo
916 2157 1046 2216 tantum
1075 2150 1109 2214 id
1131 2157 1268 2217 notatur
1291 2173 1345 2217 ex·

142 2268 231 2327 stare
262 2261 309 2326 ibi
340 2262 442 2327 latine
473 2261 659 2344 „Thomam
690 2261 932 2344 ismaelitam2)
966 2262 1005 2328 de
1036 2262 1178 2328 infantia
1208 2262 1344 2329 Christi.

141 2371 295 2455 Imperf.“
339 2371 389 2437 Of.
413 2371 498 2437 Thil.
523 2372 603 2439 (lod.
626 2394 738 2455 apocr.
765 2393 840 2456 pag.
864 2372 971 2440 CXV.

226 2483 408 2549 Praeterea
435 2483 535 2549 alium
563 2483 704 2549 latinum
727 2483 889 2566 evangelii
912 2482 1058 2550 Thomae
1081 2491 1209 2550 textum
1232 2484 1344 2551 detexi

140 2595 300 2659 latentem
322 2594 356 2658 in
378 2593 467 2658 foliis
489 2594 749 2660 membranaceis
771 2595 994 2677 palimpsestis
1016 2595 1237 2661 bibliothecae
1258 2595 1343 2663 an-

141 2726 254 2770 sareae
276 2704 561 2789 Vindobonensis‚
591 2726 676 2787 quae
704 2706 813 2789 quinti
840 2706 910 2771 fere
937 2707 1062 2771 saeculi
1083 2707 1233 2789 putanda
1256 2714 1342 2773 sunt

141 2814 321 2881 Oculorum
337 2815 523 2881 valetudine
541 2816 678 2881 affectus
699 2838 807 2899 pauca
828 2822 957 2882 tantum
979 2817 1053 2900 legi,
1076 2818 1133 2883 sed
1148 2819 1343 2901 dignissima

141 2948 225 3009 quae
242 2927 285 2992 ad
300 2947 436 2992 examen
453 2928 614 3011 evengehi
630 2926 779 2994 Thomas
796 2929 947 2993 criticum
965 2929 1193 2994 adhibeantur.
1223 2929 1343 2995 Potest

140 3059 180 3103 ex
202 3039 244 3102 iis
266 3038 367 3120 effici,
391 3039 658 3121 antiquissimum
681 3040 768 3103 hunc
790 3039 932 3104 latinum
954 3047 1082 3106 textum
1104 3042 1242 3124 propius
1265 3041 1341 3106 reli·

141 3149 214 3231 quis
246 3150 369 3214 nostris
401 3150 552 3215 omnibus
584 3149 627 3215 ad
657 3155 751 3216 retus
781 3172 935 3233 graecum
969 3151 1138 3233 exemplar
1174 3152 1342 3218 accedere.

140 3261 225 3328 Sunt
247 3265 357 3325 autem
379 3259 476 3325 haec:

182 3377 216 3453 a)
247 3371 398 3436 Infantes
420 3371 553 3455 plurimi
574 3371 734 3436 ludebant
756 3393 830 3436 cum
853 3395 902 3438 eo.
946 3373 993 3437 Et
1016 3394 1089 3437 cum
1107 3374 1245 3439 vidisset
1266 3396 1342 3440 eum

248 3482 383 3565 quidam
405 3482 551 3547 Iudaeus
575 3505 649 3547 cum
672 3482 853 3548 infantibus
876 3484 960 3549 haec
982 3484 1167 3567 facientem,
1189 3488 1342 3568 pervenit

247 3593 288 3657 ad
311 3593 431 3676 Ioseph
454 3598 583 3683 patrem
606 3632 644 3644 ··
667 3593 716 3660 Of.
733 3616 844 3678 evang.
860 3594 977 3660 Thom.
1000 3617 1118 3678 graece
1142 3595 1176 3661 A
1198 3597 1246 3679 H,
1261 3599 1289 3662 2.
1312 3600 1341 3663 3.

249 3694 264 3718 Φ
522 3705 539 3723 ν
898 3705 907 3726 ἱ
1169 3706 1178 3727 ἱ
1257 3708 1267 3727 ⁴
1303 3703 1318 3722 ἢ

248 3728 333 3788 arcp
366 3706 403 3767 δὲ
435 3709 484 3768 καὶ
517 3717 610 3768 ebho
639 3708 758 3769 ωαιδία
787 3718 911 3769 ωολλα
940 3709 1112 3791 ωαΐζομτα
1141 3732 1201 3792 cup
1230 3733 1339 3794 αυτῳ.

238 3814 336 3899 Ἰδὼμ
366 3817 402 3878 δέ
430 3839 484 3878 ric
509 3815 675 3879 ⁴louddioo
704 3815 727 3878 d
755 3819 866 3880 ἐωοΐει
897 3815 1071 3881 ὂἾΗσοῦσ
1103 3821 1139 3903 ἐμ
1173 3819 1337 3903 cussssdrop

225 4053 249 4119 1)
274 4054 315 4106 Cf.
334 4055 535 4107 Rechenrchust
558 4058 625 4109 fiber
647 4059 734 4109 meins
757 4059 1022 4110 hondrehriitliehen
1042 4059 1157 4110 Studien
1175 4062 1224 4111 suf
1239 4063 1342 4113 meiner-

138 4141 420 4192 vvirsenrcheltliehen
433 4142 511 4192 Reice
531 4158 583 4192 von
603 4142 670 4193 1840
684 4143 725 4193 bis
740 4144 816 4193 1844.
840 4143 949 4194 Wiener
961 4144 1073 4194 Jahrbb.
1087 4145 1162 4194 1846.
1181 4146 1230 4196 Bd.
1244 4146 1338 4196 CXIV.

138 4224 329 4290 Anneigeblstt
347 4241 407 4290 pag.
420 4226 461 4276 45.

223 4307 657 4376 ¹)Iaegendumert1sreelitam.
695 4312 735 4362 Cf.
754 4314 825 4363 infre
847 4315 1165 4380 peg.158.snb1V.et
1190 4333 1250 4383 pag.
1271 4320 1340 4378 170„

137 4399 184 4449 ubi
201 4398 244 4448 bis
261 4398 332 4447 idem
350 4399 499 4462 scripturae
517 4399 612 4449 vitium
631 4415 661 4449 ex
680 4405 773 4450 nostro
793 4400 887 4451 codice
906 4401 1093 4451 indicavimus.
