3000 4912
192 287 255 349 334
653 284 762 335 onom
780 284 906 335 musar.

193 438 331 502 domino
353 443 472 503 nostro
490 436 573 500 Iesu
591 434 741 500 Christo.
776 435 853 518 Ego
875 436 982 519 igitur
998 437 1034 501 in
1056 437 1209 520 linguam
1232 456 1392 519 graecam

195 541 359 620 converti,
371 538 599 623 regnantibus
611 537 757 603 excelsis
768 537 977 619 Theodosio,
995 560 1085 605 anno
1098 539 1231 603 decimo
1244 539 1391 622 septimo

193 644 246 706 sui
269 642 471 707 consulatus
495 647 530 706 et
546 641 668 723 quinto
685 639 941 722 Valentiniani,
964 641 1155 706 indictione
1173 663 1275 706 nona.
1308 639 1392 724 Qui·

195 766 340 828 cumque
352 745 470 828 legitis
481 744 573 808 hunc
584 743 712 808 librum
729 743 1069 809 ethaectransfertis
1087 745 1123 809 in
1135 745 1241 809 alium
1252 744 1390 825 librum,

192 848 417 913 recordantes
441 848 508 912 mei
534 853 630 911 orate
655 866 716 928 pro
741 866 794 910 me
815 844 932 910 Aenia
952 848 1108 928 minimo,
1134 853 1173 911 ut
1194 847 1280 912 deus
1306 846 1390 910 mihi

194 952 392 1017 misericors
414 951 459 1014 sit
474 948 628 1032 mihique
646 949 801 1013 remittat
818 955 962 1032 peccata
978 970 1066 1032 quae
1089 952 1125 1014 in
1149 971 1226 1014 eum
1246 951 1389 1033 patravi.

192 1055 265 1119 Pax
287 1055 333 1119 sit
354 1053 481 1135 eisqui
502 1052 588 1117 haec
609 1051 729 1135 legent
750 1054 970 1138 eorum[que]
994 1052 1136 1118 familiis
1159 1053 1331 1118 universis
1352 1054 1389 1117 in

194 1157 358 1221 seculum.
390 1153 514 1220 Amen.

684 1265 897 1273 ———

194 1418 263 1466 edita
276 1434 292 1465 a
304 1416 443 1466 cmerabili
455 1417 615 1474 Nicbodema,
628 1432 702 1479 quam
714 1417 809 1465 incenit
822 1416 975 1466 Theodosius
984 1418 1095 1480 Magnus
1107 1418 1246 1480 imperator
1257 1417 1284 1464 in
1295 1417 1389 1465 Jberu·

190 1503 268 1552 solem
281 1504 307 1551 in
316 1504 432 1566 pretorio
444 1502 533 1551 Pontii
543 1501 632 1566 Pylati
648 1503 675 1549 in
687 1503 815 1551 codicibus
822 1502 940 1564 publicis.
966 1501 1029 1551 eod.
1042 1502 1125 1551 Paris.
1139 1503 1220 1552 5557:
1240 1502 1345 1552 Relatio
1357 1503 1389 1551 de

189 1589 308 1649 passione
324 1588 419 1637 domini
435 1592 460 1635 et
476 1586 573 1634 actibus
584 1587 745 1637 Iudaeorum.
770 1588 861 1637 lbditio
874 1588 979 1637 Veneta
995 1589 1153 1636 anni1522:
1178 1587 1348 1650 Euangelium
1366 1588 1388 1635 b.

192 1673 321 1721 Mcodemi
333 1673 363 1721 de
372 1673 491 1737 passione
502 1671 596 1720 Christi
607 1688 638 1719 ac
647 1673 805 1721 decemmiom
817 1674 870 1721 eius
882 1673 916 1722 ad
928 1674 1025 1737 irsj'ercs
1034 1707 1058 1720 ..
1076 1685 1091 1722 e
1105 1688 1159 1722 non
1172 1674 1254 1722 hebet
1268 1674 1387 1732 titulum,

191 1773 240 1808 nec
253 1758 323 1807 mor.

259 1843 357 1892 Prole
366 1858 437 1907 gum
454 1845 535 1893 istum
549 1859 580 1893 ex
593 1842 679 1908 Copto
693 1845 840 1908 interprete
853 1844 948 1900 sumsi,
970 1843 1013 1892 cni
1026 1842 1207 1907 posthabendi
1219 1847 1284 1892 sunt
1296 1842 1389 1892 lastini

191 1928 250 1977 cdd.
265 1930 358 1978 nostri.
383 1929 481 1979 Tamen
499 1944 559 1992 spes
577 1934 619 1995 est
635 1930 746 1980 meliors
763 1928 909 1992 aliquando
928 1928 1068 1991 proditura
1086 1943 1143 1978 esse
1161 1944 1193 1977 ex
1205 1929 1280 1978 foliis
1293 1930 1387 1992 palim-

190 2015 289 2076 psestis
302 2013 565 2073 Vindoboneneibus,
578 2015 611 2064 de
625 2016 721 2078 quibus
734 2014 795 2064 vide
808 2019 877 2078 post.

260 2099 513 2149 Cod.Peris.1652.
532 2102 585 2150 sic:
610 2101 668 2164 Epo
686 2101 784 2149 Emous
802 2099 935 2148 Hebraeus
952 2099 995 2164 qui
1012 2114 1082 2147 mam
1099 2098 1162 2161 lepis
1177 2101 1267 2149 doctor
1284 2101 1315 2149 de
1335 2101 1386 2149 He·

190 2186 281 2243 bracis,
293 2186 321 2233 in
330 2185 424 2234 dicimis
432 2186 569 2249 scripturis
574 2190 750 2250 perscrutans,
763 2185 911 2234 divinitates
923 2185 987 2249 lepis
999 2185 1186 2248 scripturarum
1197 2185 1292 2234 dormiri
1304 2187 1387 2235 codri

191 2274 249 2319 Iesu
262 2270 357 2320 Christi
367 2270 395 2319 in
405 2271 463 2336 flds
471 2287 648 2334 praesumens,
666 2272 757 2335 dipnus
769 2271 927 2334 (dipnatusl)
944 2272 1014 2319 sacri
1026 2271 1185 2332 baptismatis
1196 2273 1274 2335 atque
1281 2273 1386 2335 perqui-

191 2371 250 2405 rens
261 2372 324 2421 puae
333 2361 408 2420 perta
419 2361 478 2406 mint
486 2373 534 2419 per
548 2357 616 2407 illud
628 2363 736 2419 ternpus,
751 2357 816 2421 quod
829 2355 933 2421 (quaet)
946 2360 1119 2419 apposuerunt
1129 2356 1222 2405 Iudaei
1237 2357 1282 2406 sub
1294 2358 1387 2406 Pontio

192 2443 280 2492 Pilato
289 2443 418 2504 praeside,
431 2445 492 2491 baec
504 2444 631 2492 umeniens
640 2448 714 2507 peste
726 2446 751 2491 et
763 2440 866 2504 (delet)
879 2441 976 2490 litteris
987 2442 1102 2489 hebraeis
1110 2443 1256 2507 saraipta
1268 2460 1285 2491 a
1293 2443 1387 2492 Nicia·

193 2529 273 2587 demo,
287 2544 350 2592 quae
362 2544 407 2591 epo
419 2530 604 2591 interpretatus
616 2529 711 2578 litteris
720 2529 823 2592 praecis
835 2528 869 2575 ad
882 2528 1047 2591 capniticnem
1059 2528 1165 2575 omnium
1176 2529 1283 2577 nominis
1294 2529 1392 2578 domim

192 2614 273 2663 nostri
290 2614 350 2662 Iesu
366 2614 461 2662 aaron
479 2612 558 2675 (adde
578 2615 741 2675 cultorumt),
758 2613 802 2662 sub
820 2614 925 2677 imperio
943 2613 1031 2661 Flauii
1051 2613 1197 2670 Theodosii,
1215 2630 1281 2663 anno
1293 2614 1389 2662 decim

192 2704 288 2757 adaco,
301 2703 326 2747 et
342 2698 521 2749 Valentiniano
533 2703 657 2764 Aupsssto.
684 2701 773 2748 Omnes
788 2700 853 2748 enim
866 2698 987 2761 (cutemt)
1001 2698 1044 2762 qui
1056 2697 1143 2760 lepitis
1159 2702 1184 2746 et
1197 2700 1348 2763 transfertis
1360 2700 1386 2747 in
1406 2708 1411 2718 '

193 2784 254 2831 aliis
267 2783 393 2832 codicibus
401 2786 504 2848 praecis
515 2801 558 2834 seu
571 2786 668 2844 latinis,
682 2803 728 2834 oro
740 2790 768 2834 ut
780 2785 916 2849 dipnernini
928 2784 1084 2833 intercedere
1093 2798 1143 2844 pro
1155 2799 1193 2831 me
1201 2789 1346 2845 peccatore,
1359 2788 1387 2833 ut

188 2870 318 2933 propitius
334 2870 396 2917 mibi
404 2870 460 2934 fiat
473 2869 551 2930 (adde
564 2872 650 2933 deuel)
668 2877 693 2920 et
702 2873 817 2920 dimittat
831 2871 916 2919 omnia
924 2873 1033 2931 peccata
1050 2868 1176 2932 inquibus
1190 2871 1304 2931 peccaui.
1329 2871 1389 2919 Pan

192 2956 227 3003 sit
243 2957 293 3003 ista
311 2954 463 3018 tepentibus,
481 2956 581 3004 canitae
597 2956 763 3004 audiemibus.
791 2955 912 3019 Explicit
923 2954 1065 3018 praefatio.
1089 2953 1127 3000 Ex
1147 2953 1299 3003 Vindobon.
1318 2954 1386 3004 libro

193 3041 367 3104 palimpsesto
387 3040 453 3089 haec
471 3040 598 3104 exscripsi
612 3066 620 3076 ·
634 3065 665 3076 ··
682 3042 709 3088 in
718 3042 776 3106 fide
786 3040 929 3102 procedens
949 3044 974 3087 et
989 3040 1110 3102 dipnatus
1126 3038 1288 3099 baptismatis
1304 3041 1387 3088 sancti

192 3130 320 3175 scrutatus
336 3142 390 3174 mnu
408 3151 417 3161 ·
432 3151 440 3161 ·
458 3130 518 3175 acta
534 3131 592 3175 sunt
604 3142 654 3191 per
666 3131 761 3191 tenspm
772 3126 839 3174 illud
852 3142 900 3189 quo
916 3129 940 3173 et
957 3141 971 3173 ο
985 3125 1061 3188 (puae
1073 3122 1166 3186 appot)
1180 3131 1190 3179 ΙΙ
1203 3129 1308 3174 suerunt
1319 3127 1387 3174 iudei

192 3211 235 3260 sub
250 3211 340 3274 pontio
355 3211 441 3274 pilato
457 3213 520 3260 baec
535 3213 663 3261 incessisse
676 3218 750 3276 pecta
768 3213 864 3262 litteris
880 3211 978 3260 aebreis
990 3211 1132 3260 conscribta
1145 3237 1152 3246 -
1167 3237 1198 3247 ··
1217 3218 1228 3267 ΙΙ
1245 3213 1289 3276 qui
1301 3217 1383 3262 mons·

185 3298 278 3362 seritis
294 3298 320 3345 in
333 3297 395 3346 aliis
406 3298 534 3348 codicibus
545 3314 588 3347 seu
606 3300 633 3347 in
642 3300 727 3362 precis
738 3300 779 3348 cel
790 3300 880 3348 latinis
891 3299 1056 3348 recordantes
1066 3298 1116 3346 mei
1130 3303 1203 3347 crate
1219 3302 1248 3347 ut
1255 3300 1387 3362 propitius

191 3383 251 3431 mibi
261 3367 358 3448 fiatds
375 3388 400 3432 et
417 3384 446 3433 di
461 3390 472 3440 ΙΙ
487 3385 575 3434 mittat
583 3390 692 3449 peccota
703 3401 758 3433 mea
771 3401 835 3449 quae
842 3385 949 3450 peccabi
966 3386 993 3433 in
1005 3385 1093 3446 ipsum.
1112 3383 1321 3445 perlegentibus
1332 3400 1386 3433 eum

192 3467 272 3530 (udde
289 3472 314 3517 et
324 3468 392 3531 bist)
411 3471 454 3533 qui
471 3471 578 3519 audiunt
594 3487 645 3518 ea·
660 3497 667 3506 -
682 3506 688 3519 .
703 3506 709 3518 .
727 3484 745 3519 Β
757 3472 889 3529 Audistis,
898 3473 1004 3536 fratres
1020 3469 1192 3526 dilectissimi,
1206 3485 1257 3530 per
1273 3474 1386 3518 sanctum

191 3553 346 3615 scampelium
358 3569 422 3616 quae
434 3559 494 3602 acta
505 3559 564 3603 sunt
575 3555 619 3604 sub
630 3556 723 3604 Pontio
735 3555 824 3605 Pilato
838 3556 959 3618 praeside
976 3555 1002 3602 in
1016 3556 1114 3603 Iudaea
1126 3555 1278 3616 temporibus
1292 3554 1387 3602 liberii

193 3638 310 3686 ansmis
327 3639 359 3687 de
376 3639 475 3689 dominc
491 3645 578 3691 nostro
595 3642 655 3691 Iesu
674 3643 781 3692 Christo.
818 3642 986 3690 Veruntamen
1005 3658 1058 3689 cum
1076 3641 1110 3689 sit
1126 3641 1205 3689 solius
1221 3641 1263 3689 dei
1279 3642 1386 3690 omnium

192 3725 333 3773 memoriam
347 3721 486 3790 [habere]‚
504 3743 555 3777 non
567 3733 605 3776 est
616 3728 696 3790 icitur
707 3729 849 3778 mirandum
867 3727 890 3775 si
906 3744 923 3775 a
934 3727 1030 3776 saumis
1038 3725 1200 3789 ecanpelistis
1212 3725 1386 3790 eliquasseta

192 3814 218 3858 et
229 3811 300 3858 dicta
311 3811 338 3857 in
350 3810 444 3858 domini
452 3814 572 3873 passione
580 3814 765 3875 praetermissa
776 3818 846 3870 sunt,
864 3828 928 3876 quae
940 3811 972 3859 ab
984 3813 1021 3860 eis
1033 3810 1125 3859 oblivio
1137 3811 1295 3860 describendi
1306 3828 1384 3862 resno·

192 3897 237 3952 cit,
249 3896 398 3958 etforsiton
410 3912 505 3960 quoque
516 3899 638 3947 sermonis
645 3898 795 3960 proliritas,
807 3902 836 3946 ut
848 3898 887 3945 cit
898 3897 985 3945 beatus
997 3896 1152 3959 eoanpelista
1165 3896 1291 3946 Iohannes
1303 3899 1329 3946 in
1341 3914 1384 3948 suc

158 4033 159 4036 Ἴ
191 3981 321 4044 eccnpelio
337 3983 375 4030 sic
392 3984 490 4031 dicem·
514 3985 602 4034 Multa
620 3985 676 4033 alia
684 3987 755 4049 fecit
772 3984 844 4033 Iesus
861 3999 926 4047 quae
942 4000 992 4032 uon
1007 3987 1065 4032 sunt
1081 3982 1179 4043 scripta
1196 3984 1223 4031 in
1241 3984 1307 4032 libro
1325 3985 1385 4032 boc:

192 4084 254 4129 quae
272 4065 322 4132 [si]
341 4070 440 4131 scripta
456 4075 551 4128 essent,
569 4072 683 4120 arbitror
700 4075 777 4120 totum
795 4087 844 4119 non
858 4087 934 4133 posse
951 4087 1042 4134 capere
1059 4070 1183 4118 mundum.
1212 4069 1286 4118 Haec
1303 4074 1385 4118 auum

191 4155 291 4215 scripto
308 4161 367 4204 sust
385 4161 431 4205 etc.
451 4156 490 4204 Ab
510 4157 571 4206 aliis
587 4158 764 4215 nihilonimus,
781 4161 867 4220 utpote
886 4174 902 4205 a
915 4157 1050 4206 Nicodemo
1066 4157 1183 4204 iudaicae
1197 4154 1266 4217 lepis
1272 4155 1384 4212 doctore,

191 4240 289 4289 occulto
303 4242 398 4291 Christi
409 4243 543 4307 discipulo,
561 4245 663 4308 reliqua
675 4245 761 4293 ueraci
772 4248 831 4292 sunt
848 4243 908 4292 stilo
920 4244 1059 4305 descripto,
1078 4242 1165 4306 quibui
1178 4241 1293 4304 (quibust
1310 4241 1385 4305 quial

191 4326 261 4389 quit)
274 4329 384 4376 ominibus
396 4329 521 4394 interfuit.
549 4329 712 4393 Quapropter
729 4345 794 4377 nunc
811 4329 917 4393 equtdus
935 4328 997 4390 (sic)
1010 4343 1054 4391 epo
1067 4328 1155 4376 Encas
1167 4327 1313 4384 Hebraeus,
1326 4327 1383 4388 pri-

191 4426 244 4460 mus
262 4411 326 4474 lepis
342 4413 445 4473 doctor,
463 4418 630 4479 perscrutom
647 4415 805 4464 diuinitatem
819 4414 883 4477 lepis
903 4418 928 4464 et
943 4414 1096 4478 scripturam
1113 4413 1207 4461 domim
1225 4413 1307 4462 nemsi
1326 4414 1383 4461 Iesu
