2962 4912
140 335 204 398 420
501 336 628 386 uvsuu.
647 335 823 386 urconuur
842 336 929 387 rans
948 336 984 386 u.

142 488 199 570 qui
223 487 460 569 scanderent,
487 492 642 570 rogantes
665 493 701 552 ut
726 488 942 571 dignarentur
964 487 1075 551 venire
1099 484 1141 550 ad
1166 505 1232 549 eos.
1277 484 1336 571 Qui

141 597 315 675 pergentes
352 591 604 657 ambulaverunt
639 592 726 657 circa
758 613 887 657 omnem
924 592 1090 675 regionem
1122 589 1278 655 Iordanis
1308 597 1335 656 et

142 695 314 776 montium,
338 702 371 758 et
394 716 459 759 non
482 694 685 760 invenientes
710 716 765 759 eos
788 686 1048 760 reiertebantur.

150 856 159 867 .,
228 814 301 878 ⁰Et
330 836 404 879 ecce
432 815 540 879 subito
570 837 610 879 cx
638 821 749 880 moute
772 814 935 880 Amalech
961 814 1120 897 apparuit
1143 813 1336 879 descenden-

141 921 222 982 tium
250 919 393 1001 plurima
422 919 612 1001 multitudo,
646 921 741 1003 quasi
771 919 942 984 duodecim
974 919 1065 983 milia
1092 918 1255 998 virorum,
1286 919 1334 1001 qui

141 1043 213 1084 cum
246 1021 376 1086 domino
409 1027 632 1087 surrexerunt.
682 1021 750 1107 Qui
782 1026 1053 1106 recognoscentes
1085 1021 1209 1086 ibidem
1242 1020 1334 1103 pluri-

142 1148 215 1191 mos
238 1148 304 1191 non
328 1133 510 1210 potuerunt
532 1128 579 1193 eis
603 1128 779 1211 quicquam
802 1128 894 1211 loqui
917 1148 996 1209 prae
1019 1148 1141 1209 pavore
1164 1131 1199 1191 ct
1217 1125 1334 1191 risione

140 1231 304 1312 angelica,
332 1237 562 1315 steteruntque
585 1233 702 1315 procul
725 1232 892 1296 intuentes
916 1238 950 1296 et
971 1230 1144 1297 audientes
1168 1251 1238 1311 eos,
1262 1250 1334 1314 quo·

140 1335 236 1400 modo
259 1335 496 1420 gradiebantur
527 1336 706 1419 psallentes
734 1341 834 1419 atque
862 1335 1027 1401 dicentes:
1060 1334 1260 1401 Resurrexit
1285 1334 1333 1400 do·

140 1436 247 1500 minus
271 1458 291 1501 a
313 1438 451 1503 mortuis
475 1438 559 1502 sicut
581 1437 728 1501 dixerat:
761 1437 945 1502 exultemus
974 1442 1007 1501 et
1034 1438 1197 1501 laetemur
1220 1456 1334 1519 omnes,

122 1537 297 1619 ,quoniam
319 1539 389 1621 ipse
412 1547 532 1623 regnat
553 1540 587 1603 in
610 1545 789 1604 aeternum.
834 1538 928 1604 Tunc
952 1538 1154 1611 admirantes
1170 1538 1228 1621 qui
1251 1537 1332 1602 missi

140 1640 272 1704 fuerant
300 1663 380 1724 prae
409 1663 531 1724 pavore
561 1642 752 1707 ceciderunt
779 1644 814 1707 in
842 1648 978 1726 terram,
1008 1648 1041 1707 et
1069 1648 1268 1724 receperunt
1289 1660 1333 1705 re·

143 1764 297 1825 sponsum
320 1744 363 1808 ab
386 1744 469 1827 ipsis
491 1752 528 1810 ut
550 1743 717 1810 Karinum
741 1749 774 1811 et
789 1744 949 1810 Loncium
972 1745 1007 1809 in
1030 1744 1144 1810 domos
1166 1764 1245 1809 suas
1267 1764 1332 1825 per-

143 1845 321 1928 quirerant.

229 1967 324 2052 ⁷Qui
355 1973 569 2050 exsurgentes
601 1974 817 2050 perrexerunt
848 1967 890 2032 ad
922 1966 1035 2032 domos
1066 1988 1196 2046 eorum,
1229 1971 1263 2030 et
1290 1966 1333 2032 iu·

142 2076 302 2135 venerunt
325 2093 381 2136 cos
404 2072 546 2136 orationi
571 2094 698 2137 vacare.
742 2073 788 2136 Et
811 2072 976 2136 intrantes
998 2071 1039 2136 ad
1062 2092 1118 2136 eos
1144 2070 1243 2154 proni
1271 2091 1332 2136 cor·

142 2181 278 2239 ruerunt
305 2175 340 2240 in
367 2181 491 2241 terram
519 2176 704 2240 salutantes
733 2197 802 2258 eos,
834 2182 867 2240 et
896 2176 997 2241 erecti
1024 2175 1197 2240 dixerunt:
1229 2173 1332 2240 Amici

142 2277 208 2361 dei,
240 2280 346 2344 omnis
379 2271 555 2344 multitudo
578 2279 780 2344 Iudaeorum
808 2301 867 2345 nos
890 2280 1082 2345 direxerunt
1110 2279 1151 2345 ad
1181 2299 1253 2361 ros,
1283 2300 1331 2344 an·

139 2382 267 2447 dientes
299 2363 387 2465 ‹iuod
420 2383 612 2448 surrexistis
641 2405 662 2448 a
692 2383 845 2465 mortuis,
877 2387 1029 2465 rogantes
1061 2390 1093 2447 et
1125 2382 1329 2447 obsecrantes

137 2506 193 2550 vos
224 2490 262 2549 ut
284 2485 425 2550 veniatis
453 2486 495 2550 ad
523 2507 592 2569 eos,
619 2492 657 2549 ut
684 2486 827 2551 sciamus
850 2506 962 2550 omues
984 2485 1151 2568 magnalia
1176 2485 1230 2549 dci
1253 2507 1326 2568 quac

137 2589 228 2654 facta
254 2597 331 2653 sunt
355 2590 442 2655 circa
466 2611 525 2655 nos
547 2590 753 2672 temporibus
777 2591 907 2655 nostrie.
953 2589 1019 2675 Qui
1042 2590 1155 2654 statim
1179 2595 1264 2654 nutu
1284 2589 1325 2654 dei

138 2700 373 2776 consurgentes
404 2702 565 2759 venerunt
597 2718 670 2761 curn
702 2696 799 2777 ipsis,
831 2702 865 2759 et
895 2696 1103 2759 intraverunt
1133 2715 1322 2777 synagogam

138 2820 261 2863 eorum.
305 2798 398 2863 Tunc
429 2799 603 2864 multitudo
634 2801 835 2864 Iudaeorum
870 2820 944 2863 cum
976 2798 1202 2864 sacerdotibus
1233 2797 1322 2863 libros

136 2899 217 2981 legis
246 2905 427 2981 posuerunt
457 2900 490 2963 in
523 2901 674 2964 manibus
706 2922 835 2981 eorum,
868 2899 1171 2982 adinraveruntque
1194 2921 1250 2963 eos
1276 2920 1321 2982 per

138 3002 234 3067 deum
257 3002 357 3068 Hcloi
387 3010 419 3067 ct
446 3003 542 3068 deum
565 3004 698 3070 Adonai
731 3009 764 3068 et
795 3025 855 3086 per
884 3003 990 3086 legem
1022 3011 1055 3069 et
1081 3003 1260 3087 prophetas
1285 3003 1319 3069 di·

138 3301 251 3349 rerdotes
268 3303 293 3348 et
310 3300 416 3350 Levitae
435 3303 439 3364 Ι
460 3300 571 3350 rabbites
589 3316 647 3349 cum
666 3315 699 3351 sc
719 3335 748 3350 ..
767 3314 784 3351 Β
803 3305 855 3351 tas
874 3299 878 3362 Ι
897 3316 952 3364 rap.
971 3301 1001 3362 (Β
1019 3300 1073 3362 orn)
1091 3307 1120 3350 nt
1138 3303 1208 3364 diga.
1227 3317 1276 3350 nes.
1289 3301 1315 3351 sd

137 3401 178 3433 eos
197 3402 254 3434 cum
274 3398 309 3437 ΑΒ
329 3422 358 3436 ..
380 3401 394 3436 c
413 3403 454 3434 ons
471 3388 475 3448 Ι
491 3401 507 3437 u
522 3386 696 3449 perrsmbnlan.
716 3403 809 3434 omnem
827 3388 897 3435 eirca
915 3388 1041 3449 regionem

222 3481 248 3530 6.
286 3481 408 3529 Amalech
430 3499 489 3530 cnm
511 3498 529 3533 a
548 3517 555 3532 .
572 3519 578 3531 .
598 3495 615 3531 Β
640 3481 737 3539 Mater,
762 3495 777 3531 o
800 3481 909 3531 Matett.
953 3480 994 3531 Cf.
1018 3498 1098 3546 snpra
1117 3482 1219 3548 Ersng.
1239 3483 1312 3533 Nicnd.

138 3565 166 3616 P.
186 3566 206 3615 l.
230 3583 325 3630 graece
345 3583 361 3617 Δ
385 3567 454 3625 xlv,
475 3570 499 3618 1.
526 3586 551 3632 p.
571 3571 642 3623 242,
667 3569 731 3616 item
755 3568 840 3617 latins
865 3585 925 3632 pag.
945 3566 1118 3619 ³50.'1bir
1141 3568 1259 3627 Matre,
1277 3569 1313 3618 aiii

136 3654 227 3698 norant
245 3666 300 3698 anns
319 3651 450 3710 Analecta
469 3664 485 3701 Β
504 3652 619 3701 Mambre
637 3653 689 3700 sive
707 3652 811 3700 Materte
830 3651 834 3715 Ι
855 3667 873 3703 a
894 3651 945 3713 Qui
963 3655 987 3699 et
1004 3668 1106 3716 recogn.
1128 3653 1133 3716 Ι
1152 3668 1248 3715 pavore
1262 3689 1268 3702 .
1280 3668 1313 3705 Α

136 3738 227 3784 timore
243 3736 247 3798 Ι
262 3738 388 3786 intuentes
407 3773 436 3787 ..
457 3754 473 3788 Α
493 3737 545 3787 add
563 3739 718 3786 stridentes
739 3735 743 3803 Ι
765 3752 798 3788 sc
818 3755 859 3786 om
877 3755 919 3787 eos
940 3738 944 3801 Ι
966 3739 1066 3788 Bsicnt
1083 3740 1152 3788 dixit
1172 3741 1176 3799 Ι
1196 3754 1211 3791 c
1228 3756 1265 3789 cm
1279 3740 1313 3787 ad·

136 3821 260 3869 mirantes
283 3821 287 3882 Ι
312 3825 337 3869 et
358 3838 441 3884 recep.
461 3838 528 3884 resp.
550 3822 582 3870 ab
605 3823 653 3884 ips.
679 3839 735 3871 csrur
756 3836 785 3885 Β;
810 3824 874 3872 item
893 3840 909 3874 u
927 3824 974 3871 dcc
992 3824 1023 3871 ab
1040 3825 1078 3872 eis
1098 3841 1164 3887 resp.
1183 3827 1315 3889 accipientes

138 3943 167 3957 ..
186 3922 201 3959 c
219 3924 277 3956 narn
296 3909 385 3957 moniti
403 3913 461 3956 sant
480 3909 510 3956 aa
529 3909 619 3971 angeio
638 3909 734 3957 domina
753 3910 795 3973 qni
813 3909 922 3958 elevavit
938 3926 981 3958 ecs
998 3926 1015 3957 a
1033 3913 1105 3958 terra
1120 3913 1125 3970 Ι
1140 3915 1170 3960 nt
1187 3936 1196 3945 ·
1216 3912 1312 3974 perpe.

138 4008 195 4041 curn
215 4005 248 4042 nc
269 4029 297 4042 ..
319 4009 335 4043 Α
355 3993 474 4040 Cnrirsnrn
493 3998 517 4040 st
536 3992 653 4041 Lentiurn
672 3994 698 4040 in
716 3995 801 4041 denras
818 4010 879 4041 snas
896 3995 1022 4057 requirite

222 4089 248 4138 7.
285 4104 378 4135 vacare
400 4104 458 4135 cum
478 4099 511 4136 Bc
531 4123 537 4136 .
555 4123 561 4136 .
582 4103 598 4137 Α
617 4091 756 4147 vacantes!
781 4088 986 4137 (resalutantes
1004 4086 1008 4150 Ι
1029 4090 1115 4136 Amici
1132 4089 1174 4137 dei
1191 4105 1246 4137 cnm
1262 4101 1275 4139 c
1291 4123 1314 4138 ..

138 4186 172 4224 ΔΒ
191 4191 233 4223 usn
254 4176 258 4233 Ι
279 4191 295 4225 Α
314 4175 445 4222 audientes
462 4191 506 4221 nos
524 4191 541 4222 a
558 4175 665 4223 mortuis
682 4175 819 4224 suscitatas
841 4175 846 4238 Ι
870 4189 885 4226 c
903 4179 932 4223 nt
949 4176 1088 4239 dignemini
1105 4177 1190 4225 venire
1213 4175 1217 4239 Ι
1239 4179 1263 4223 st
1278 4178 1315 4224 sci.

137 4275 203 4308 omn.
223 4260 251 4320 ΙΒ
270 4277 312 4308 om
331 4260 409 4322 amn.)
428 4275 486 4308 cnm
506 4273 541 4309 su
561 4296 567 4309 .
587 4295 593 4308 .
614 4273 629 4310 c
647 4264 675 4307 nt
695 4277 744 4321 per
762 4276 805 4308 vos
823 4261 975 4311 edoceantur
998 4259 1003 4323 Ι
1027 4265 1102 4325 ternp.
1121 4266 1202 4311 nostr.
1221 4277 1274 4311 cum
1289 4271 1316 4311 ss

139 4381 169 4395 ..
189 4361 204 4396 c
222 4348 261 4394 dis
277 4346 365 4394 dicim
384 4346 389 4408 Ι
409 4351 471 4394 nata
489 4347 531 4394 dei
550 4383 579 4396 ..
600 4354 691 4404 n'onr,
714 4347 800 4397 cedd
817 4348 901 4396 edocti
921 4347 926 4411 Ι
946 4351 1066 4397 venerunt
1085 4349 1113 4410 (s
1131 4347 1183 4397 add
1201 4348 1235 4396 ad
1251 4347 1318 4408 eos)-

138 4434 262 4484 intraner.
283 4435 310 4496 (a
330 4432 465 4495 intrantes)
484 4459 494 4469 ·
513 4438 572 4483 tnnc
590 4436 618 4496 (n
637 4435 698 4484 tulit
716 4436 807 4497 omnis)
825 4435 961 4484 multitudo
979 4461 988 4471 -
1008 4435 1089 4484 libros
1107 4434 1171 4498 legis
1188 4437 1215 4498 (s
1232 4434 1319 4484 libari
