2962 4912
136 277 176 340 96
256 277 591 330 usmaro-Marsuam
611 277 854 328 avuncunlum.
883 276 958 328 CAP.
978 276 1106 331 XXVIII.
1125 274 1219 326 XXIX.

137 428 268 495 dabant
285 435 319 494 et
335 429 600 495 admirabantur
616 449 710 508 eum;
726 429 788 494 alii
804 449 883 494 vero
901 427 1156 510 vituperabant.
1185 425 1233 490 Et
1248 425 1346 490 abie-

137 538 220 596 runt
240 532 382 616 quidam
403 532 448 598 ad
468 533 647 616 principes
671 531 891 598 sacerdotum
915 536 950 595 et
971 529 1015 596 ad
1036 531 1203 613 primates
1218 528 1346 595 Phari·

137 657 297 701 saeorum
323 642 358 701 et
382 636 680 702 adnuntiaverunt
702 636 753 701 eis
780 634 873 718 quod
898 634 999 700 Iesus
1024 634 1118 698 filius
1143 630 1273 715 Ioseph
1306 632 1344 696 in

138 746 328 823 conspectu
349 741 457 804 totius
479 740 601 824 populi
618 739 730 805 Israel
756 739 856 821 signa
877 758 1002 822 magna
1018 738 1162 803 fecisset
1185 744 1221 801 et
1236 736 1346 801 virtu·

137 848 201 907 tes.
232 842 279 906 Et
295 841 540 908 adnuntiatum
559 849 612 907 est
627 842 692 908 hoc
709 843 745 907 in
763 841 947 907 duodecim
964 840 1076 906 trIbus
1092 838 1217 905 Israel.

576 1062 697 1129 Onrur
720 1063 901 1131 XXVIII.

224 1217 299 1281 Iam
315 1219 442 1282 iterum
454 1219 546 1283 lilius
556 1215 682 1284 Annae
696 1218 888 1284 sacerdotis
899 1217 1031 1301 templi,
1049 1219 1109 1301 qui
1122 1238 1198 1282 oum
1209 1214 1345 1299 Ioseph

138 1320 340 1402 advenerat,
363 1328 487 1386 tenens
503 1323 633 1405 virgam
650 1323 685 1386 in
702 1343 805 1386 manu
824 1322 959 1386 cunctis
975 1319 1176 1385 videntibus
1194 1340 1273 1384 cum
1291 1318 1345 1383 fu·

138 1443 215 1488 rore
232 1424 339 1488 nimio
362 1425 512 1489 exclusit
528 1425 624 1490 lacus
643 1446 730 1508 quos
747 1424 848 1489 Iesus
864 1422 1025 1489 manibus
1044 1424 1116 1489 suis
1133 1423 1284 1503 lecerat,
1310 1427 1346 1486 ot

138 1525 262 1590 effudit
287 1549 328 1591 ex
354 1528 404 1591 eis
430 1548 538 1611 aquas
562 1549 648 1610 quas
671 1533 943 1612 congregaverat
965 1527 1006 1592 de
1033 1532 1188 1592 torrente
1214 1526 1251 1590 in
1279 1525 1345 1590 eis.

137 1627 169 1692 N
173 1649 227 1693 am
244 1635 279 1694 et
295 1630 409 1714 ipsum
426 1651 537 1714 aquae
554 1630 707 1711 ductum,
724 1652 788 1713 per
804 1651 906 1713 quem
924 1629 1078 1695 intrabat
1093 1649 1194 1712 aqua,
1213 1627 1347 1692 clausit

139 1739 173 1799 et
193 1739 319 1815 postea
339 1734 473 1798 evertit.
506 1730 663 1817 Cumque
686 1733 772 1798 haec
787 1733 934 1799 vidisset
949 1732 1064 1814 Iesus,
1088 1732 1176 1797 dixit
1198 1729 1242 1796 ad
1259 1749 1347 1813 pue·

137 1858 213 1901 runr
234 1836 332 1901 illum
355 1838 416 1920 qui
438 1835 669 1920 dissipaverat
690 1836 787 1902 lacus
810 1857 906 1902 suos:
945 1835 974 1902 Ο
998 1856 1116 1901 semen
1139 1833 1346 1916 iniquitatis

137 1939 337 2022 pessimum,
362 1938 448 2004 ofili
464 1940 596 2021 mortis,
619 1940 756 2005 officina
772 1946 926 2020 satanae,
949 1960 1027 2005 vere
1050 1940 1117 2004 erit
1136 1937 1274 2001 fructus
1293 1955 1348 2000 se·

138 2043 241 2106 minis
258 2042 310 2106 tui
328 2043 403 2107 sine
420 2043 547 2126 vigore,
566 2048 602 2109 et
617 2044 753 2109 radices
769 2050 850 2109 tuae
869 2044 943 2108 sine
960 2043 1114 2124 humore,
1132 2047 1167 2106 et
1184 2041 1272 2105 rami
1290 2038 1348 2103 tui

138 2145 243 2226 aridi,
266 2165 336 2209 non
358 2144 513 2210 ferentes
535 2148 697 2212 fructum.
729 2148 775 2212 Et
797 2169 875 2213 mox
890 2144 1090 2211 videntibus
1108 2144 1246 2209 cunctis
1269 2161 1349 2207 are·

138 2248 252 2314 sactus
270 2254 323 2313 est
339 2269 427 2331 puer
443 2254 478 2313 et
493 2256 651 2315 mortuus
669 2256 731 2341 est.

596 2469 716 2537 Onrur
739 2471 886 2536 XXIX.

225 2622 365 2688 Deinde
388 2624 531 2689 tremuit
549 2623 678 2709 Ioseph
701 2632 736 2690 et
756 2627 871 2691 tenuit
890 2624 1024 2706 Iesum,
1047 2630 1081 2689 et
1103 2623 1177 2688 ibat
1199 2644 1279 2687 cum
1303 2642 1347 2687 eo

140 2725 184 2791 ad
201 2726 339 2790 domurn
357 2748 464 2808 suam,
483 2733 517 2792 et
532 2734 642 2794 mater
658 2750 735 2794 cum
753 2750 804 2794 eo.
841 2729 888 2792 Et
904 2749 984 2792 ecce
1003 2726 1118 2792 subito
1137 2747 1178 2791 ex
1195 2726 1346 2791 adverso

139 2850 227 2913 puer
243 2829 398 2912 quidam,
421 2831 546 2914 etipse
565 2833 746 2916 operarius
763 2832 977 2916 iniquitatis,
1001 2851 1143 2895 currens
1165 2826 1290 2893 intulit
1308 2847 1345 2892 se

141 2953 246 3014 super
261 2932 441 2997 humerum
452 2933 545 3014 Iesu,
563 2935 683 3000 volens
701 2957 778 2999 eum
796 2924 936 2999 eluder'c
955 2939 1151 2999 autnocere
1170 2932 1344 3014 siposset.

140 3033 240 3098 Dixit
265 3040 381 3099 autem
407 3036 439 3099 ei
461 3035 576 3100 Iesus:
607 3035 688 3102 Non
711 3038 895 3103 revertaris
919 3058 1024 3102 sanus
1047 3036 1089 3100 de
1111 3035 1167 3099 via
1191 3039 1254 3098 tua
1275 3055 1344 3117 qua

139 3136 247 3202 vadis.
284 3136 332 3200 Et
356 3139 473 3203 statim
494 3141 626 3204 corruit
651 3146 686 3204 et
707 3146 864 3205 mortuus
891 3145 954 3205 est.
989 3139 1037 3203 Et
1062 3137 1344 3203 exclamaverunt

139 3246 304 3322 parentes
315 3241 453 3324 mortui,
470 3242 803 3327 quividerautquod
819 3242 1024 3322 factumest,
1041 3240 1214 3305 dicentes:
1238 3238 1341 3305 Unde

139 3348 242 3407 natus
260 3349 314 3407 est
329 3342 386 3407 hic
403 3343 543 3409 iulans?
566 3344 964 3430 Manifestumestquod
982 3343 1236 3410 omnererbum
1248 3343 1341 3427 quod

138 3552 251 3615 Mupnun
264 3567 331 3621 puer
350 3557 387 3601 ecl
404 3553 466 3612 s'sts,
485 3559 510 3602 et
526 3571 618 3618 mapsa
637 3557 719 3606 υἱῆας
736 3561 773 3605 est
786 3557 813 3604 s'n
830 3571 867 3605 eo.
892 3556 930 3603 Et
947 3555 1064 3604 abierunt
1082 3555 1184 3618 quidam
1196 3553 1289 3602 Iudaei
1308 3553 1344 3602 ad

135 3639 268 3703 principes
279 3639 438 3689 sacerdotum
450 3637 505 3705 [ot]
520 3642 717 3692 Pharkueorsm
728 3646 753 3692 et
765 3643 945 3691 nuntirsserusst
956 3643 994 3690 ss's
1005 3641 1071 3705 quod
1084 3639 1239 3704 Iesusfllius
1251 3639 1344 3701 Ioreph

140 3722 245 3773 subbato
257 3725 283 3772 in
297 3730 430 3788 conspectu
439 3727 531 3791 populi
543 3728 616 3791 eipso
628 3745 720 3792 mapns
733 3733 758 3778 et
769 3727 969 3792 vlrlstemseril.
1000 3727 1167 3791 Dinulputsm
1179 3730 1218 3775 est
1229 3727 1275 3776 Itur
1288 3741 1343 3775 ver·

140 3809 194 3857 bum
206 3810 336 3858 dsodecs'm
349 3812 430 3861 traua
442 3812 537 3862 Israel.

211 3894 335 3945 XXVIII.
356 3895 500 3948 consentit
513 3913 531 3949 n
544 3900 638 3964 paucis
648 3901 782 3965 exceptis:
807 3901 863 3949 Iam
874 3901 966 3949 iterum
978 3925 987 3935 ·
1000 3898 1096 3948 essetis
1108 3899 1138 3947 de
1147 3896 1246 3962 populo
1257 3897 1345 3946 viden·

140 3979 207 4028 titus
218 3981 345 4047 inserere
357 3984 433 4033 nimio
444 3999 532 4034 verm
544 4010 553 4021 ·
565 3984 626 4034 illos
639 3987 809 4051 quossersral
819 3986 868 4036 Ies.
881 3991 907 4036 st
919 4012 928 4023 ·
941 4001 1033 4051 aquam
1043 4001 1116 4050 quarn
1129 4009 1138 4020 ·
1151 3985 1177 4032 ἐκ
1190 3985 1227 4032 eis
1235 3983 1268 4031 de
1278 3987 1345 4032 terr.

56 4121 61 4132 Ι
141 4065 208 4114 Num
219 4070 245 4114 et
258 4092 266 4102 ·
279 4068 325 4116 dor
337 4068 487 4118 uidissetls.
500 4071 568 4120 ds'ss't
580 4073 614 4121 ad
626 4088 694 4120 essu:
715 4071 737 4120 0
748 4088 827 4121 semen
842 4088 877 4120 ·o
890 4089 954 4136 opus
964 4072 1088 4120 callosae
1101 4054 1172 4120 -lson
1185 4069 1324 4136 afferentes
1337 4094 1346 4105 ·

141 4151 180 4200 Et
190 4152 309 4202 videraut.
323 4155 419 4202 cuades
431 4179 440 4189 ·
452 4159 478 4203 et
488 4160 609 4204 mortuus.
635 4154 758 4206 Ceterum
772 4155 834 4205 huic
848 4157 931 4220 capiti
945 4157 1109 4205 simIIIImnm
1124 4155 1216 4205 XXVI.

208 4238 246 4286 Ex
260 4251 276 4285 rs
290 4239 341 4288 huc
355 4240 448 4289 confer
461 4254 528 4304 quse
541 4256 621 4304 supra
633 4240 667 4291 sd
679 4241 773 4299 XXVI,
788 4245 811 4291 1.
824 4241 1022 4307 adscripsimus.

208 4340 302 4390 XXIX.
321 4341 437 4391 eludere:
451 4342 534 4393 codex
547 4357 564 4393 s
577 4345 680 4403 elidere,
694 4344 741 4395 sed
751 4358 769 4395 1>
781 4345 921 4396 confirmat
932 4346 1042 4396 eludere.
1058 4344 1061 4411 Ι
1081 4345 1152 4395 Unde
1163 4349 1240 4395 παίω
1252 4349 1293 4396 est
1304 4347 1348 4397 tic

140 4425 240 4491 issam:
256 4428 289 4477 sb
307 4428 348 4478 his
367 4428 430 4480 inds
443 4430 532 4480 verbis
544 4430 709 4480 conferenda
721 4437 785 4481 sunt
798 4446 866 4494 quas
883 4446 914 4482 sx
928 4431 1021 4482 codice
1037 4444 1055 4480 s
1072 4431 1121 4482 sub
1135 4430 1235 4488 XXVI.
1254 4433 1281 4482 2.
1302 4447 1347 4482 ex·
