2962 4912
311 309 646 362 PSEUDO·MATTHAEI
664 313 906 364 EVANGELIUM.
935 313 1008 367 CAP.
1027 312 1137 366 xxvll.
1285 314 1326 377 95

145 462 305 546 dissipavit
327 481 435 544 opera
456 482 544 544 quae
567 483 630 546 ego
652 463 786 528 fueram
807 471 983 547 operatus.
1029 464 1219 548 ⁸Rogabat
1242 479 1323 548 ergo

145 589 206 636 eun
225 569 333 629 mater
352 563 489 628 dicens:
520 563 618 645 Noli,
642 563 779 630 domine
800 567 861 648 mi,
888 568 971 650 quia
991 568 1179 650 insurgunt
1201 568 1237 632 in
1260 589 1323 632 nos

143 689 253 738 onnes.
296 665 348 731 At
371 666 433 731 ille
459 667 582 732 nolens
607 675 751 733 matrem
777 691 874 733 suam
900 671 1118 751 contristari,
1144 670 1233 753 pede
1260 692 1325 735 suo

141 775 244 839 dextro
260 771 462 853 percutiens
480 777 579 835 nates
596 773 723 837 mortui
741 771 829 836 dixit
845 772 888 836 ad
906 794 997 837 eum:
1020 773 1172 856 Exurge,
1193 773 1242 837 fili
1260 774 1324 837 ini·

140 875 282 960 quitatis;
305 894 375 938 non
399 876 491 938 enim
514 874 640 957 dignus
663 895 699 940 es
720 875 851 939 intrare
874 877 910 938 in
932 876 1088 958 requiem
1111 877 1221 957 patris
1244 876 1323 957 mei,

139 979 209 1063 quia
226 976 408 1059 dissipasti
430 997 536 1059 opera
557 997 645 1060 quae
669 999 733 1061 ego
755 978 806 1042 fui
830 985 1004 1061 operatus.
1041 978 1140 1043 Tunc
1164 979 1224 1062 qui
1248 985 1323 1044 erat

138 1086 277 1147 mortuus
295 1080 447 1144 surrexit
469 1086 504 1144 ct
520 1080 617 1144 abiit.
649 1079 750 1145 Iesus
767 1102 846 1146 vero
869 1081 913 1145 ad
937 1081 1119 1164 imperium
1144 1103 1244 1145 suum
1260 1102 1324 1164 per

138 1204 233 1269 aquae
250 1181 393 1248 ductum
410 1203 517 1266 squas
535 1182 686 1249 ducebat
702 1184 738 1248 in
755 1184 862 1248 lacus.

568 1404 689 1470 Cnuur
713 1404 873 1474 XXVII.

209 1542 252 1607 Et
275 1542 408 1606 factum
433 1538 604 1625 estquod
629 1549 710 1625 post
734 1542 820 1608 haec
845 1542 1046 1608 videntibus
1070 1543 1205 1607 cunctis
1229 1543 1323 1625 cepit

141 1650 233 1715 lutum
249 1645 291 1709 de
309 1645 396 1709 lacis
408 1666 495 1727 quos
512 1645 645 1711 fecerat
660 1645 762 1712 Iesus
781 1653 816 1711 et
832 1668 873 1711 ex
890 1666 930 1712 eo
947 1643 1230 1711 fecitduodecim
1246 1667 1323 1728 pas-

142 1770 227 1818 seres.
269 1747 358 1812 Erat
378 1755 494 1812 autem
515 1748 697 1814 sabbatum
715 1749 854 1832 quando
878 1748 964 1813 fecit
985 1748 1050 1814 hoc
1072 1747 1190 1829 Iesus,
1217 1754 1252 1812 et
1272 1748 1323 1811 in-

142 1857 234 1922 fantes
254 1851 397 1935 plurimi
421 1857 521 1916 erant
542 1872 619 1916 cum
642 1873 693 1917 eo.
734 1851 820 1918 Cum
843 1872 924 1935 ergo
945 1851 1093 1917 vidisset
1114 1851 1257 1934 quidam
1279 1852 1321 1916 de

143 1955 260 2024 Iudaeis
283 1975 361 2019 eum
384 1954 450 2018 hoc
471 1955 674 2036 facientem,
697 1956 786 2020 dixit
807 1954 850 2020 ad
866 1954 1012 2038 Ioseph:
1036 1953 1181 2037 Ioseph,
1205 1976 1320 2020 nonne

143 2062 217 2126 vides
237 2057 406 2123 infantem
422 2059 540 2124 Iesum
563 2059 598 2123 in
617 2059 762 2125 sabbato
785 2060 923 2141 operari
940 2057 1034 2142 quod
1057 2059 1089 2122 ei
1112 2057 1227 2123 fucere
1251 2078 1320 2123 non

144 2159 226 2228 licet?
260 2160 362 2226 Fecit
387 2162 479 2226 enim
505 2162 547 2227 de
573 2163 646 2228 luto
674 2162 859 2227 duodecim
883 2182 1054 2245 passeres.
1094 2159 1174 2226 Hoc
1199 2160 1320 2225 audito

145 2262 246 2348 Ioseph
268 2264 385 2347 arguit
402 2285 480 2329 eum
497 2263 632 2330 dicens:
666 2263 783 2348 Quare
805 2265 842 2329 in
860 2264 1006 2330 sabbato
1023 2264 1110 2330 talia
1126 2263 1213 2328 facis
1231 2283 1319 2346 quae

82 2355 87 2360 ⁸
146 2368 222 2433 nobis
243 2388 311 2431 non
335 2366 418 2433 licet
440 2367 579 2433 facere?
609 2368 711 2435 Iesus
734 2376 850 2435 autem
873 2368 1020 2434 audiens
1036 2367 1166 2450 Ioseph
1190 2372 1226 2431 et
1245 2387 1321 2448 per-

146 2470 254 2535 cutiens
275 2489 415 2534 manum
436 2470 479 2534 ad
502 2492 640 2535 manum
658 2470 746 2537 dixit
767 2471 970 2555 passeribus
993 2471 1080 2535 suis:
1104 2469 1242 2537 Volate.
1273 2469 1320 2533 Et

147 2573 292 2638 adsocem
315 2573 454 2656 imperii
476 2575 531 2639 sui
554 2581 745 2657 coeperunt
765 2575 892 2641 volare.
923 2575 972 2639 nt
992 2573 1190 2639 astantibus
1212 2573 1320 2637 omni-

146 2675 194 2740 bus
206 2674 272 2739 illic
283 2681 318 2740 et
328 2676 529 2742 videntibus
546 2684 581 2742 et
597 2678 822 2744 audientibus
835 2679 923 2743 dixit
933 2676 1068 2743 avibus:
1093 2676 1148 2741 Ite
1160 2676 1318 2741 etvolate

147 2799 192 2862 per
208 2778 316 2842 orbem
341 2786 376 2843 et
397 2801 460 2861 per
481 2801 616 2845 omnem
638 2782 802 2846 mundum
826 2787 861 2845 et
881 2781 995 2845 vivite.
1042 2778 1214 2846 Videntes
1238 2798 1318 2842 vero

147 2881 190 2965 qui
203 2879 340 2946 aderant
356 2882 443 2947 talia
459 2883 568 2965 signa,
586 2882 711 2965 repleti
729 2889 811 2948 sunt
828 2889 970 2965 stupore
988 2902 1123 2965 magno.
1154 2879 1230 2946 Alii
1246 2881 1319 2946 lau-

197 3094 216 3138 3.
231 3095 314 3140 oeten
332 3106 349 3140 n
363 3095 437 3154 serpo

195 3176 290 3226 xxvn.
313 3178 382 3226 Erat
391 3183 475 3226 eutem
485 3176 536 3238 (its
545 3175 588 3239 n):
602 3190 619 3225 a
630 3177 702 3225 Erat
710 3178 781 3225 esim.
796 3177 864 3226 Item
875 3177 1018 3226 ἰαυάαὸαηέ
1030 3176 1072 3238 (nt
1082 3175 1127 3239 n)=
1141 3190 1157 3224 Α
1169 3176 1222 3243 add
1232 3177 1317 3233 deum,-

146 3262 196 3310 orie
206 3262 372 3325 (continuato
386 3263 474 3326 cupite
489 3261 608 3324 XXVI.):
628 3263 666 3310 Er
676 3264 780 3327 foetum
798 3267 835 3311 est
848 3288 856 3298 ·
869 3264 973 3326 sumpsit
986 3263 1058 3311 rem
1075 3262 1154 3311 luterus
1165 3263 1197 3310 de
1214 3262 1318 3311 daweus

145 3348 286 3411 praefecerat
297 3353 322 3397 et
334 3373 343 3384 ·
356 3349 388 3396 de
400 3349 488 3397 Iudeis
497 3365 551 3396 cum
563 3348 703 3412 assantibus
714 3349 907 3412 hoefooientem
915 3349 969 3397 dir.
981 3349 1016 3396 ed
1025 3348 1133 3412 Iosephs
1150 3348 1239 3397 Nosne
1248 3348 1318 3398 eides

141 3446 223 3494 nmis
237 3434 317 3482 lesam
330 3460 338 3471 ·
352 3435 419 3497 quod
435 3450 489 3482 eum
506 3450 556 3482 nors
575 3434 635 3482 lieet
644 3435 739 3498 secere
752 3458 760 3469 ·
774 3433 897 3496 arprcebat
912 3450 966 3482 eom
977 3434 1063 3482 dicens
1075 3458 1084 3469 ·
1097 3434 1203 3481 audiens
1220 3435 1282 3481 haec
1300 3450 1316 3481 u

143 3518 213 3580 Ioseph
221 3520 344 3582 percussit
356 3545 365 3556 ·
379 3525 404 3568 et
413 3519 560 3583 passeribus
571 3520 624 3568 suis
636 3519 704 3569 dreit
716 3545 724 3554 ·
738 3520 838 3581 imperii
849 3519 902 3567 eius
914 3544 923 3554 ·
937 3519 1079 3567 meantibus
1096 3517 1152 3566 illis
1168 3518 1280 3567 ormibus
1291 3524 1317 3567 et

144 3628 150 3639 ·
159 3603 191 3653 lte
198 3605 271 3655 solete
278 3621 328 3670 per
340 3621 434 3654 omrem
442 3605 526 3653 moad.
539 3608 563 3652 et
572 3605 620 3654 oio.
634 3629 642 3640 ·
655 3603 709 3653 tale
720 3605 817 3667 siquem
830 3629 838 3640 ·
852 3608 877 3654 et
889 3603 938 3652 elii
951 3603 1091 3652 laudabant
1103 3607 1128 3652 et
1141 3629 1149 3638 ·
1162 3608 1187 3652 et
1199 3602 1317 3653 obstruat

143 3691 170 3739 d
176 3691 245 3755 prise.
257 3717 265 3728 ·
277 3692 474 3740 Pharisaeorum
484 3690 586 3754 quidem
598 3706 629 3738 ee
638 3689 743 3738 ludaeis
754 3694 780 3739 et
791 3706 898 3738 annuos.
911 3690 947 3739 eis
957 3690 1058 3752 puidam
1068 3689 1129 3752 quio
1141 3688 1191 3737 Ies.
1205 3715 1213 3725 ·
1222 3690 1316 3752 populi

143 3775 200 3839 eipso
209 3793 250 3825 mo.
262 3782 286 3826 et
298 3777 500 3841 uirtutes-series.
514 3801 523 3812 ·
535 3776 581 3825 hoe
592 3775 656 3824 XII
663 3776 777 3826 tribubus
789 3776 839 3826 Isr.

197 3861 248 3911 lua
260 3863 312 3911 ists
325 3862 440 3911 historia
453 3862 554 3925 excipit
567 3876 624 3911 eum
638 3877 705 3923 quse
718 3865 812 3910 nostro
826 3862 914 3924 capite
924 3858 1041 3908 XXXXI.
1055 3859 1219 3909 continetur.
1239 3860 1315 3926 Legi·

144 3952 179 3995 tur
193 3952 268 3998 sutem
285 3950 335 3998 sic:
355 3949 418 3997 Post
435 3948 498 3995 leaeo
514 3947 632 3997 obierm
648 3944 772 4011 [Ioseph]
791 3951 817 3996 et
828 3947 920 3995 Mario
934 3947 961 3993 is
974 3945 1102 3994 ciuitatem
1115 3944 1241 4003 Nestoret,
1259 3943 1313 4010 [et]

143 4035 190 4080 eret
202 4032 231 4081 ui
245 4050 294 4082 rem
309 4033 461 4096 perentibus
475 4034 536 4082 suar.
562 4033 623 4096 (His
636 4032 784 4097 respondet
797 4032 904 4080 initium
918 4046 975 4094 cap.
988 4029 1133 4090 xxxxii.)
1160 4031 1266 4079 Factum
1278 4035 1316 4080 ert

144 4132 188 4165 css
196 4120 307 4169 maturet
318 4119 390 4168 Iesus
402 4119 481 4169 latum
493 4120 525 4168 de
537 4119 603 4176 loru,
609 4119 679 4182 feeit
691 4134 722 4167 ee
733 4134 761 4166 eo
771 4118 901 4166 duodecim
912 4131 1037 4177 passeres,
1050 4116 1193 4166 uidentibus
1204 4116 1316 4165 oomibus

145 4203 181 4263 qei
189 4203 298 4262 amount,
306 4206 435 4267 percussit
444 4221 543 4254 manem
555 4204 589 4253 ‘red
599 4220 698 4252 marsum
708 4201 762 4267 [eu]
770 4202 919 4263 perscribere
927 4201 983 4250 illis
991 4202 1072 4250 dieite
1095 4200 1178 4251 Viuite
1187 4205 1213 4250 er
1222 4201 1314 4251 solete.

148 4286 177 4335 Bt
189 4289 216 4337 ed
230 4290 352 4353 imperium
367 4293 421 4339 eius
439 4295 574 4355 coeperunt
590 4289 678 4338 colare
695 4294 721 4338 et
738 4288 858 4337 clamare.
882 4288 953 4336 Erat
971 4291 1055 4337 autem
1072 4287 1202 4336 sabbatum
1214 4286 1314 4351 quaudo

145 4371 196 4420 toro
202 4375 259 4438 serit
270 4376 345 4426 lesus.
372 4376 441 4425 Tarm
453 4376 545 4425 Iudaei
560 4375 655 4439 repleti
671 4379 774 4436 stupore
786 4374 919 4422 dixerunt:
945 4374 1051 4436 Ioseph,
1070 4389 1150 4422 sosas
1169 4373 1237 4421 uides
1254 4369 1314 4435 qaid

138 4456 200 4517 serit
205 4475 259 4521 puer
267 4465 321 4511 taos
332 4463 358 4510 irs
370 4462 484 4520 scobem,
497 4477 544 4525 qao
554 4477 603 4511 sos
613 4461 771 4524 liretseeere
783 4459 900 4523 aliquid?
918 4458 976 4507 Alei
985 4458 1181 4507 admirabantur
1189 4458 1314 4506 dieentes.-
