2962 4912
137 291 200 354 208
281 288 513 342 uulneratum
531 287 724 339 munnulus
742 287 933 339 assumunt.
961 287 1021 339 un.
1039 287 1114 338 Llll.
1132 286 1202 337 LIV.

624 486 745 555 Garun
768 488 848 553 LII.

225 610 364 678 Aderat
375 630 512 694 quoque
523 608 707 677 interillos
718 608 946 692 philosophos
957 607 1219 675 tractandarum
1230 627 1349 672 rerum

140 714 355 781 naturalium
380 712 629 796 peritissimus:
662 713 821 796 quicum
847 716 1005 796 rogasset
1026 710 1204 779 dominum
1227 709 1350 776 Iesum

138 839 185 884 an
201 817 395 883 medicinae
413 815 623 896 studuisset,
645 814 863 898 respondens
886 814 945 879 ille
970 815 1129 898 exposuit
1150 815 1181 879 ei
1198 813 1348 899 physica

140 927 176 986 et
191 919 437 1004 metaphysica,
453 918 706 1004 hyperphysica
723 923 758 983 et
772 917 1018 1002 hypophysica,
1035 919 1182 984 virtutes
1204 937 1348 1000 quoque

138 1023 294 1106 corporis
323 1026 358 1086 et
380 1021 542 1086 humores
566 1019 827 1104 eorundemque
859 1022 1020 1101 effectus;
1049 1042 1235 1087 numerum
1258 1021 1347 1087 item

141 1125 372 1191 membrorum
384 1129 420 1189 et
430 1125 570 1205 ossium,
587 1144 762 1205 venarum,
780 1125 987 1190 arteriarum
999 1131 1033 1191 et
1044 1145 1245 1203 nervorum;
1262 1125 1350 1189 item

144 1229 303 1295 effectum
320 1227 446 1293 caloris
464 1234 499 1292 et
515 1227 694 1307 siccitatis,
717 1225 858 1309 frigoris
876 1233 911 1293 et
928 1227 1159 1309 humiditatis,
1181 1248 1348 1311 quaeque

59 1399 62 1405 ,
140 1354 183 1398 ex
197 1333 294 1397 hisce
312 1332 504 1410 orirentur;
528 1335 809 1414 quaenam-esset
825 1331 981 1413 operatio
1002 1331 1137 1397 animae
1160 1331 1197 1395 in
1216 1351 1353 1414 corpus

141 1436 287 1517 eiusque
305 1454 429 1500 sensus
451 1439 487 1499 et
501 1434 662 1513 virtutes3
686 1453 856 1516 quaenam
879 1441 972 1498 esset
992 1435 1146 1518 operatio
1163 1433 1348 1502 facultatis

140 1537 319 1623 loquendi,
336 1537 523 1618 irascendi,
541 1537 746 1620 appetendi3
763 1535 916 1620 denique
933 1537 1215 1604 coniunctionem
1232 1536 1349 1604 etdis-

140 1641 371 1722 iunctionem,
395 1639 535 1723 aliaque
554 1659 645 1722 quae
667 1638 800 1704 nullius
822 1645 1003 1706 creaturae
1027 1640 1231 1706 intellectus
1254 1660 1345 1707 asse·

141 1744 271 1829 quitur.
318 1741 417 1808 'Iunc
442 1742 595 1808 surrexit
618 1741 850 1825 philosophus
875 1741 935 1807 ille
963 1747 998 1808 et
1022 1741 1202 1810 dominum
1225 1741 1343 1812 Iesum

139 1846 308 1928 adoravit,
326 1851 370 1929 et,
389 1844 419 1913 Ο
437 1846 587 1928 domine,
603 1846 729 1930 inquit,
752 1846 795 1911 ab
813 1845 878 1912 hoc
894 1851 1048 1928 tempore
1067 1867 1126 1914 ero
1144 1847 1341 1932 discipulus

140 1959 224 2017 tuus
241 1956 277 2017 et
292 1971 422 2016 servus

620 2083 741 2152 Garun
763 2085 865 2151 LIII.

226 2205 320 2271 Dum
336 2205 423 2271 haec
444 2211 481 2270 et
501 2205 572 2271 alia
592 2206 686 2271 inter
702 2218 778 2272 sese
796 2205 1047 2289 loquebantur,
1071 2205 1187 2272 adfuit
1203 2205 1348 2273 domina

140 2309 227 2375 hera
241 2309 370 2390 Maria,
393 2314 579 2391 postquam
600 2309 715 2392 ipsum
730 2330 904 2392 quaerens
926 2309 1081 2375 triduum
1098 2331 1176 2376 cum
1193 2309 1347 2393 Iosepho

142 2412 345 2478 circumivit.
380 2411 516 2480 Videns
534 2433 615 2495 ergo
634 2432 711 2477 eum
727 2411 821 2478 inter
836 2412 998 2479 doctores
1016 2413 1197 2479 sedentem
1212 2433 1348 2498 perque

140 2517 233 2593 vices
250 2517 346 2599 ipsos
362 2520 543 2598 rogantem
560 2521 595 2579 et
604 2513 885 2599 respondentem,
903 2515 992 2580 dixit
1007 2515 1074 2580 illi:
1094 2515 1146 2582 Mi
1157 2516 1219 2598 fili,
1239 2536 1347 2600 quare

141 2620 192 2685 ita
208 2617 324 2684 fecisti
340 2616 467 2684 nobis?
492 2639 572 2684 ecoe
590 2639 654 2703 ego
671 2624 706 2684 et
721 2624 822 2703 pater
837 2623 918 2683 tuus
934 2623 970 2684 te
987 2638 1112 2703 magno
1130 2640 1207 2685 cum
1225 2618 1347 2685 labore

141 2722 354 2805 quaerimus.
384 2718 435 2787 At
449 2721 522 2804 illo,
539 2720 667 2805 Quare,
688 2722 813 2805 inquit,
831 2742 883 2787 me
902 2719 1095 2805 quaeritis?
1112 2742 1229 2788 nonne
1247 2722 1347 2788 scitis

141 2823 266 2889 decere
283 2845 336 2890 me
358 2831 399 2890 ut
419 2825 455 2890 in
472 2825 573 2891 domo
590 2825 701 2908 patris
717 2825 785 2890 mei
803 2822 942 2890 verser?
974 2823 1044 2891 Sed
1065 2825 1134 2909 ipsi
1150 2847 1223 2892 non
1246 2826 1349 2891 intel·

142 2928 305 2994 lexertnt
319 2928 426 2994 verba
441 2948 530 3013 quae
554 2929 604 2994 eis
628 2928 772 2995 dixerat.
804 2928 903 2995 Tunc
919 2928 1078 2996 doctores
1099 2929 1153 2995 illi
1176 2935 1349 3013 rogarunt

141 3029 306 3114 Mariam,
332 3031 469 3098 hiccine
496 3033 607 3117 ipsius
629 3039 724 3098 esset
744 3032 852 3116 filius,
879 3038 915 3098 et
935 3039 1112 3100 annuente
1134 3035 1230 3118 ipsa,
1258 3032 1290 3101 O
1313 3041 1348 3101 te

142 3134 292 3217 felicem,
310 3136 482 3219 dixerunt,
499 3135 624 3219 Maria,
641 3156 730 3220 quae
744 3136 1143 3222 hunctalempeperisti.
1168 3139 1346 3206 Reversus

142 3242 258 3303 autem
272 3258 349 3303 oum
366 3239 417 3304 eis
426 3237 604 3304 Nazareth
620 3239 658 3303 in
675 3239 834 3306 omnibus
851 3240 955 3307 rebus
972 3263 1103 3308 moram
1120 3243 1171 3308 eis
1187 3240 1348 3326 gerebat.

141 3338 189 3403 Et
216 3345 326 3406 mater
351 3342 426 3407 eius
452 3341 680 3409 conservabat
704 3344 819 3409 omnia
843 3345 949 3410 verba
978 3347 1048 3412 ista
1076 3347 1112 3410 in
1138 3345 1245 3413 corde
1272 3366 1347 3412 suo.

140 3442 314 3510 Dominus
330 3467 410 3512 vero
426 3445 527 3512 Iesus
543 3446 749 3530 proficiebat
771 3453 905 3514 statura
928 3455 962 3515 et
983 3451 1157 3535 sapientia
1178 3454 1216 3514 et
1232 3450 1349 3534 gratia

139 3547 234 3631 apud
251 3546 354 3614 deum
371 3556 406 3616 et
424 3550 593 3618 homines.

621 3684 742 3753 Cruor
763 3687 858 3756 LIV.

225 3800 344 3888 Atque
361 3805 404 3872 ab
418 3806 483 3872 hoo
495 3805 552 3872 die
568 3807 736 3873 miracula
751 3828 880 3875 arcana
896 3815 931 3874 et
947 3815 1083 3875 secreta
1099 3830 1162 3875 sua
1178 3811 1346 3878 occulere

138 3910 258 3993 coepit
270 3910 384 3994 etlegi
395 3930 535 3994 operam
546 3910 640 3993 dare,
657 3911 907 3978 donecannum
917 3913 1134 3997 trigesimum
1145 3913 1377 3996 complevit,

210 4084 268 4134 LII.
287 4085 571 4136 &mammarum
577 4086 749 4137 numatam:
759 4089 798 4138 ita
806 4086 898 4153 Flpro
904 4088 1042 4139 medicinae
1051 4089 1377 4141 ernaeuralaeeienaae

209 4171 267 4219 item
279 4172 394 4239 ffeotum
405 4171 501 4221 caloris
514 4178 570 4223 etc:
589 4173 628 4223 ita
642 4173 681 4222 ΡΙ.
695 4189 742 4238 pro
756 4177 954 4239 temperamento
965 4178 1055 4234 eduen,
1073 4175 1185 4225 calidum
1203 4180 1230 4224 et
1241 4176 1346 4225 τίσεται
1360 4212 1377 4237 ,

131 4255 263 4319 stipidum
274 4260 300 4305 et
310 4257 437 4306 humidum

210 4343 406 4393 coemtionem
418 4347 443 4393 ct
454 4344 659 4395 disiunctionem:
675 4346 715 4396 ita
727 4347 767 4396 lu.
781 4361 829 4410 pro
843 4348 1060 4412 conyreyatiom
1072 4352 1098 4397 et
1108 4347 1309 4411 diodpatioucm

209 4426 804 4498 o111.quaersm··pmsaon·s1.pro
817 4433 1205 4500 quaem-qemun&
