2962 4912
604 297 876 351 PROLEGOUENA.
1251 316 1338 362 nm

147 457 177 518 et
190 449 371 515 editionum
389 470 467 515 raro
485 451 619 516 notatis.
662 448 731 517 Sub
753 457 846 517 textu
868 450 1116 517 adnotationem
1137 450 1337 517 uberrimam

145 560 325 627 eruditione
339 561 472 644 plenam
486 563 608 644 posuit,
630 563 820 643 praemissis
835 562 1076 645 prolegomenis
1093 582 1167 645 pag.
1178 560 1337 629 oxvm

143 670 292 754 -OLX‚
324 693 465 755 quorum
496 674 681 755 posteriore
713 679 808 755 parte
840 673 929 754 (inde
960 695 980 738 a
1009 695 1083 759 pag.
1106 673 1265 757 CXLII.)
1296 674 1337 740 de

143 784 343 851 versionibus
376 783 514 868 anglicis
545 783 788 868 francogallicis
819 785 942 850 italicis
970 785 1166 869 germanicis
1198 785 1337 869 aliisque

142 897 302 961 disseruit.
1181 955 1188 967 ,

222 1007 380 1091 Denique
409 1007 543 1072 nostri
570 1005 695 1070 laboris
719 1007 801 1071 haec
823 1011 873 1072 est
894 1007 990 1072 ratio.
1033 1008 1215 1092 Evangelio
1238 1005 1338 1072 Nico-

142 1119 238 1199 demi‚
270 1118 361 1201 quod
387 1118 588 1182 recentiores
616 1117 729 1190 invitis
756 1118 922 1183 veteribus
950 1118 1057 1184 dicere
1089 1126 1338 1203 consueverunt,

141 1233 172 1295 in
194 1230 278 1295 duas
298 1268 340 1279 -
360 1235 398 1293 ut
419 1229 507 1294 ratio
531 1229 647 1294 critica
669 1229 829 1295 suadebat
852 1230 939 1310 (vide
963 1239 1076 1313 supra)
1094 1236 1262 1314 —partes
1285 1230 1338 1297 de-

142 1342 274 1424 scripto,
297 1341 332 1405 in
349 1340 590 1424 distinguendis
605 1341 852 1407 recensionibus
866 1346 977 1407 textus
999 1348 1032 1407 ct
1054 1344 1165 1425 graeci
1187 1349 1221 1408 et
1241 1344 1338 1409 latini

142 1473 273 1535 operam
295 1453 476 1535 posuimus.
519 1451 610 1516 Hinc
632 1452 723 1518 Acta
744 1452 848 1519 Pilati
871 1474 988 1536 graece
1010 1453 1074 1537 bis,
1101 1453 1203 1520 latine
1225 1454 1338 1535 semel;

143 1564 346 1629 Descensum
369 1585 445 1629 vero
470 1562 511 1628 ad
532 1562 656 1629 inferos
679 1564 731 1629 bis
753 1564 865 1645 latine,
888 1564 988 1630 semel
1010 1585 1136 1648 graece,
1158 1587 1216 1632 suo
1237 1567 1360 1650 quod·

144 1696 202 1758 que
226 1676 467 1741 commentario
489 1680 636 1756 auctum,
664 1675 862 1741 debebamus
885 1675 989 1741 edere.
1032 1676 1144 1741 Huius
1165 1677 1338 1760 utriusque

143 1787 345 1853 recensionis
370 1808 471 1870 quum
497 1787 532 1851 in
559 1787 688 1869 graecis
715 1792 786 1852 tum
808 1788 843 1852 in
864 1788 978 1852 latinis
999 1792 1128 1853 tantam
1149 1809 1209 1871 per
1230 1794 1339 1853 totum

143 1906 266 1964 textum
290 1919 363 1964 esse
385 1897 605 1964 differentiam
627 1918 667 1963 ac
689 1898 953 1981 peculiaritatem
976 1905 1013 1963 ut
1035 1905 1152 1965 neutra
1174 1899 1215 1964 ad
1237 1921 1338 1982 appa·

144 2014 249 2076 ratum
271 2009 411 2075 alterius
434 2016 510 2093 apte
534 2009 685 2075 adhiberi
707 2010 910 2096 possit‚}!viri
932 2009 1153 2094 intelligentes
1176 2010 1273 2076 facile
1294 2011 1340 2075 vi·

144 2121 274 2186 debunt.
329 2121 479 2208 Quarum
511 2122 574 2186 etsi
605 2127 723 2187 neutra
753 2121 950 2205 negligenda
981 2128 1031 2187 est
1060 2122 1123 2188 hoc
1153 2123 1339 2189 litterarum

144 2232 353 2315 antiquitatis
378 2233 590 2300 Christianae
613 2254 715 2317 genus
736 2232 891 2315 religiose
914 2233 1109 2317 colentibus,
1136 2240 1248 2299 tamen
1272 2255 1339 2299 non

145 2345 254 2410 dubito
279 2345 360 2427 quin
388 2345 598 2410 recensiones
626 2366 647 2409 a
673 2343 769 2409 nobis
797 2343 879 2427 siglo
903 2366 925 2409 a
955 2345 1147 2429 insignitae,
1177 2352 1284 2410 toturn
1311 2345 1340 2410 si

144 2456 260 2522 librum
281 2458 394 2539 potius
418 2430 517 2540 qdam
540 2456 670 2538 singula
692 2461 839 2540 spectas,
865 2455 1101 2538 praeferendae
1128 2457 1195 2521 sint
1218 2456 1341 2522 alteris.

146 2567 365 2633 adhibuimus
394 2572 506 2632 autern
534 2567 576 2632 ad
605 2587 717 2632 omnes
744 2588 801 2631 sex
828 2566 957 2631 libellos
984 2567 1122 2651 antiqua
1146 2567 1341 2633 documenta

145 2679 278 2762 triginta
299 2699 426 2760 novem,
449 2698 590 2761 quornm
612 2678 729 2761 viginti
751 2678 786 2742 in
808 2698 903 2743 usum
926 2678 1076 2743 criticum
1098 2677 1242 2744 nondum
1265 2699 1339 2743 con-

146 2811 234 2854 versa
265 2794 370 2854 erant.
412 2787 588 2872 Nusquam
616 2810 692 2854 vero
720 2811 822 2854 unum
850 2788 996 2854 codicem
1022 2790 1340 2873 repraesentavimus

148 2900 305 2984 neglectis
336 2899 487 2983 reliquis;
519 2899 576 2964 sed
607 2900 729 2983 ubique
761 2899 842 2965 data
873 2904 923 2965 est
954 2922 1055 2983 opera
1084 2907 1122 2965 ut
1152 2906 1279 2967 textum
1306 2905 1341 2965 et

148 3013 392 3078 testatissimum
415 3018 449 3076 et
471 3012 611 3076 maxime
633 3011 839 3094 probabilem
862 3011 1024 3077 dmemus.

227 3125 371 3187 Primum
387 3123 489 3206 igitur
505 3122 547 3187 ad
562 3123 798 3189 recensendum
815 3123 1029 3192 Gestorum
1044 3123 1174 3188 Pilati
1188 3128 1339 3187 textum

149 3254 327 3317 graecum
349 3235 384 3299 A
407 3234 458 3300 bis
480 3235 532 3299 usi
555 3256 667 3300 sumus
691 3235 873 3300 codicibus:

184 3368 205 3409 a
226 3344 246 3409 i.
263 3366 290 3409 e.
310 3343 440 3411 Monac.
462 3345 606 3412 CXCII.
630 3346 752 3411 saeculi
775 3345 844 3411 fere
868 3344 972 3411 XIII.
1017 3344 1059 3409 In
1080 3344 1218 3410 Hardtii
1241 3342 1339 3410 Cata-

225 3455 301 3538 logo
325 3455 419 3521 codd.
434 3478 509 3521 mss.
524 3456 604 3522 bibl.
619 3455 702 3540 Reg.
718 3455 837 3521 Bavar.
859 3463 936 3550 tom.
951 3455 1000 3521 ΙΙ.
1022 3476 1095 3539 pag.
1110 3458 1173 3520 259
1191 3477 1261 3539 sqq.
1285 3454 1338 3520 dc·

226 3567 370 3650 scriptus
393 3574 452 3632 est.
496 3567 620 3633 Deficit
642 3568 751 3650 capite
775 3565 855 3649 XV,
878 3569 906 3633 5.
930 3566 1006 3632 inde
1029 3587 1049 3631 a
1071 3567 1181 3632 verbis
1205 3566 1338 3628 ἑωελά-

225 3686 307 3740 ssero
330 3679 377 3740 δέ.

185 3808 205 3851 a
227 3789 247 3852 i.
263 3810 290 3853 e.
305 3787 436 3853 Monac.
447 3785 672 3854 CCLXXVI.
689 3789 812 3853 saeculi
829 3788 897 3852 fere
913 3787 999 3853 XII.
1014 3786 1178 3852 Hardtiue
1193 3788 1227 3852 in
1243 3787 1340 3852 Cata·

226 3898 303 3981 logo
327 3919 386 3963 suo
409 3906 489 3964 tom.
503 3899 570 3963 HI.
593 3919 624 3982 p.
643 3902 703 3963 149
720 3920 792 3982 sqq.
816 3898 1000 3981 descripsit.
1045 3897 1171 3981 Incipit
1192 3919 1212 3963 a
1233 3898 1341 3964 verbis

227 4033 274 4072 -ot
296 4013 473 4094 λέγομτεσ
495 4010 591 4095 ωρὸσ
613 4011 795 4095 κούρσωροι
821 4010 896 4091 (sic)
921 4030 991 4093 cap.
1007 4008 1035 4090 I,
1050 4013 1079 4074 4.

291 4119 442 4203 Uterque
465 4120 570 4186 codex
591 4120 821 4202 Monacensis,
844 4120 1068 4187 intercedente
1090 4120 1246 4186 benevole
1268 4122 1339 4186 viro

268 4231 492 4297 illustrissimo
518 4231 558 4297 de
580 4231 684 4313 Bosa,
712 4233 824 4316 legato
853 4233 942 4315 regis
966 4230 1129 4298 Saxoniae
1158 4231 1200 4296 ad
1229 4232 1340 4297 aulam

145 4348 168 4427 *J*
268 4342 391 4425 regiam
407 4342 652 4425 Monacensem,
674 4344 709 4408 in
731 4363 826 4408 usum
848 4364 958 4409 mcum
980 4345 1099 4408 missus
1117 4349 1168 4407 est
1182 4339 1339 4425 Lipsiam.
