<?xml version="1.0" encoding="UTF-8"?>
<!DOCTYPE html PUBLIC "-//W3C//DTD XHTML 1.0 Transitional//EN"
    "http://www.w3.org/TR/xhtml1/DTD/xhtml1-transitional.dtd">
<html xmlns="http://www.w3.org/1999/xhtml" xml:lang="en" lang="en">
 <head>
  <title>
</title>
<meta http-equiv="Content-Type" content="text/html;charset=utf-8" />
  <meta name='ocr-system' content='tesseract 3.04.00' />
  <meta name='ocr-capabilities' content='ocr_page ocr_carea ocr_par ocr_line ocrx_word'/>
</head>
<body>
  <div class='ocr_page' id='page_1' title='image "./evangeliaapocry00tiscgoog_0193.png"; bbox 0 0 2962 4912; ppageno 0'>
   <div class='ocr_carea' id='block_1_1' title="bbox 162 273 1173 337">
    <p class='ocr_par' dir='ltr' id='par_1_1' title="bbox 162 273 1173 337">
     <span class='ocr_line' id='line_1_1' title="bbox 162 273 1173 337; baseline -0.002 -13"><span class='ocrx_word' id='word_1_1' title='bbox 162 275 203 337; x_wconf 82' lang='grc'>94</span> <span class='ocrx_word' id='word_1_2' title='bbox 356 273 689 325; x_wconf 76' lang='grc' dir='ltr'><strong>Ρ8Εοῡο·ΜΑΤΤΙΙΑΕΙ</strong></span> <span class='ocrx_word' id='word_1_3' title='bbox 708 274 952 325; x_wconf 70' lang='lat' dir='ltr'>avuncunlum.</span> <span class='ocrx_word' id='word_1_4' title='bbox 981 273 1057 325; x_wconf 77' lang='lat' dir='ltr'><strong>CAP.</strong></span> <span class='ocrx_word' id='word_1_5' title='bbox 1076 273 1173 324; x_wconf 83' lang='lat' dir='ltr'>XXVI.</span> 
     </span>
    </p>
   </div>
   <div class='ocr_carea' id='block_1_2' title="bbox 135 422 1370 1951">
    <p class='ocr_par' dir='ltr' id='par_1_2' title="bbox 135 422 1370 1951">
     <span class='ocr_line' id='line_1_2' title="bbox 162 422 1369 508; baseline -0.002 -18"><span class='ocrx_word' id='word_1_6' title='bbox 162 427 346 508; x_wconf 80' lang='lat' dir='ltr'>Imperium</span> <span class='ocrx_word' id='word_1_7' title='bbox 364 446 472 508; x_wconf 89' lang='lat' dir='ltr'>aquas</span> <span class='ocrx_word' id='word_1_8' title='bbox 490 423 642 490; x_wconf 87' lang='lat' dir='ltr'>ducebat</span> <span class='ocrx_word' id='word_1_9' title='bbox 657 424 692 488; x_wconf 89' lang='lat' dir='ltr'>in</span> <span class='ocrx_word' id='word_1_10' title='bbox 710 423 823 488; x_wconf 88' lang='lat' dir='ltr'>lacum</span> <span class='ocrx_word' id='word_1_11' title='bbox 841 425 1018 489; x_wconf 86' lang='lat' dir='ltr'>etiterum</span> <span class='ocrx_word' id='word_1_12' title='bbox 1035 423 1236 489; x_wconf 83' lang='lat' dir='ltr'>reducebat.</span> <span class='ocrx_word' id='word_1_13' title='bbox 1265 422 1369 488; x_wconf 81' lang='lat' dir='ltr'>Tunc</span> 
     </span>
     <span class='ocr_line' id='line_1_3' title="bbox 135 526 1370 609; baseline -0.002 -16"><span class='ocrx_word' id='word_1_14' title='bbox 135 550 253 593; x_wconf 83' lang='lat' dir='ltr'>·unus</span> <span class='ocrx_word' id='word_1_15' title='bbox 277 550 318 593; x_wconf 88' lang='lat' dir='ltr'>ex</span> <span class='ocrx_word' id='word_1_16' title='bbox 339 527 535 594; x_wconf 81' lang='lat' dir='ltr'>infantibus</span> <span class='ocrx_word' id='word_1_17' title='bbox 557 528 646 609; x_wconf 89' lang='lat' dir='ltr'>illis,</span> <span class='ocrx_word' id='word_1_18' title='bbox 672 527 765 593; x_wconf 89' lang='lat' dir='ltr'>filius</span> <span class='ocrx_word' id='word_1_19' title='bbox 788 527 935 609; x_wconf 89' lang='lat' dir='ltr'>diaboli,</span> <span class='ocrx_word' id='word_1_20' title='bbox 962 528 1077 592; x_wconf 87' lang='lat' dir='ltr'>animo</span> <span class='ocrx_word' id='word_1_21' title='bbox 1098 526 1215 593; x_wconf 81' lang='lat' dir='ltr'>invido</span> <span class='ocrx_word' id='word_1_22' title='bbox 1238 526 1370 592; x_wconf 87' lang='lat' dir='ltr'>clausit</span> 
     </span>
     <span class='ocr_line' id='line_1_4' title="bbox 161 628 1370 715; baseline -0.003 -18"><span class='ocrx_word' id='word_1_23' title='bbox 161 631 279 697; x_wconf 88' lang='lat' dir='ltr'>aditus</span> <span class='ocrx_word' id='word_1_24' title='bbox 297 632 357 715; x_wconf 91' lang='lat' dir='ltr'>qui</span> <span class='ocrx_word' id='word_1_25' title='bbox 379 630 627 696; x_wconf 82' lang='lat' dir='ltr'>ministrabant</span> <span class='ocrx_word' id='word_1_26' title='bbox 647 652 755 713; x_wconf 85' lang='lat' dir='ltr'>aquas</span> <span class='ocrx_word' id='word_1_27' title='bbox 778 632 814 695; x_wconf 93' lang='lat' dir='ltr'>in</span> <span class='ocrx_word' id='word_1_28' title='bbox 838 630 951 712; x_wconf 87' lang='lat' dir='ltr'>lacus,</span> <span class='ocrx_word' id='word_1_29' title='bbox 973 637 1008 696; x_wconf 88' lang='lat' dir='ltr'>et</span> <span class='ocrx_word' id='word_1_30' title='bbox 1029 630 1153 695; x_wconf 86' lang='lat' dir='ltr'>evertit</span> <span class='ocrx_word' id='word_1_31' title='bbox 1170 628 1263 713; x_wconf 91' lang='lat' dir='ltr'>quod</span> <span class='ocrx_word' id='word_1_32' title='bbox 1287 649 1370 711; x_wconf 92' lang='lat' dir='ltr'>ope·</span> 
     </span>
     <span class='ocr_line' id='line_1_5' title="bbox 162 733 1368 816; baseline -0.001 -17"><span class='ocrx_word' id='word_1_33' title='bbox 162 741 258 799; x_wconf 87' lang='lat' dir='ltr'>ratus</span> <span class='ocrx_word' id='word_1_34' title='bbox 276 736 392 799; x_wconf 84' lang='lat' dir='ltr'>fuerat</span> <span class='ocrx_word' id='word_1_35' title='bbox 407 733 520 800; x_wconf 89' lang='lat' dir='ltr'>Iesus.</span> <span class='ocrx_word' id='word_1_36' title='bbox 547 734 646 799; x_wconf 83' lang='lat' dir='ltr'>Tunc</span> <span class='ocrx_word' id='word_1_37' title='bbox 662 735 751 800; x_wconf 85' lang='lat' dir='ltr'>dixit</span> <span class='ocrx_word' id='word_1_38' title='bbox 767 735 820 799; x_wconf 91' lang='lat' dir='ltr'>illi</span> <span class='ocrx_word' id='word_1_39' title='bbox 837 735 953 801; x_wconf 89' lang='lat' dir='ltr'>Iesus:</span> <span class='ocrx_word' id='word_1_40' title='bbox 977 734 1051 802; x_wconf 88' lang='lat' dir='ltr'>Vae</span> <span class='ocrx_word' id='word_1_41' title='bbox 1070 734 1145 816; x_wconf 89' lang='lat' dir='ltr'>tibi,</span> <span class='ocrx_word' id='word_1_42' title='bbox 1163 733 1213 798; x_wconf 88' lang='lat' dir='ltr'>fili</span> <span class='ocrx_word' id='word_1_43' title='bbox 1230 733 1368 815; x_wconf 88' lang='lat' dir='ltr'>mortis,</span> 
     </span>
     <span class='ocr_line' id='line_1_6' title="bbox 162 835 1369 922; baseline -0.002 -20"><span class='ocrx_word' id='word_1_44' title='bbox 162 837 213 903; x_wconf 87' lang='lat' dir='ltr'>fili</span> <span class='ocrx_word' id='word_1_45' title='bbox 230 844 384 903; x_wconf 83' lang='lat' dir='ltr'>satanae.</span> <span class='ocrx_word' id='word_1_46' title='bbox 414 835 532 921; x_wconf 84' lang='lat' dir='ltr'>Opera</span> <span class='ocrx_word' id='word_1_47' title='bbox 549 860 637 921; x_wconf 89' lang='lat' dir='ltr'>quae</span> <span class='ocrx_word' id='word_1_48' title='bbox 655 845 819 922; x_wconf 86' lang='lat' dir='ltr'>operatus</span> <span class='ocrx_word' id='word_1_49' title='bbox 838 861 912 904; x_wconf 88' lang='lat' dir='ltr'>sum</span> <span class='ocrx_word' id='word_1_50' title='bbox 929 843 967 903; x_wconf 91' lang='lat' dir='ltr'>tu</span> <span class='ocrx_word' id='word_1_51' title='bbox 984 836 1159 921; x_wconf 84' lang='lat' dir='ltr'>dissipas?</span> <span class='ocrx_word' id='word_1_52' title='bbox 1180 837 1230 901; x_wconf 86' lang='lat' dir='ltr'>Et</span> <span class='ocrx_word' id='word_1_53' title='bbox 1245 836 1369 901; x_wconf 87' lang='lat' dir='ltr'>statim</span> 
     </span>
     <span class='ocr_line' id='line_1_7' title="bbox 162 938 1370 1025; baseline -0.002 -19"><span class='ocrx_word' id='word_1_54' title='bbox 162 941 221 1025; x_wconf 88' lang='lat' dir='ltr'>qui</span> <span class='ocrx_word' id='word_1_55' title='bbox 245 940 310 1005; x_wconf 95' lang='lat' dir='ltr'>hoc</span> <span class='ocrx_word' id='word_1_56' title='bbox 332 939 466 1005; x_wconf 83' lang='lat' dir='ltr'>fecerat</span> <span class='ocrx_word' id='word_1_57' title='bbox 486 947 644 1006; x_wconf 85' lang='lat' dir='ltr'>mortuus</span> <span class='ocrx_word' id='word_1_58' title='bbox 669 949 733 1009; x_wconf 87' lang='lat' dir='ltr'>est.</span> <span class='ocrx_word' id='word_1_59' title='bbox 788 942 799 975; x_wconf 86' lang='lat'><strong>¹</strong></span> <span class='ocrx_word' id='word_1_60' title='bbox 821 940 920 1006; x_wconf 79' lang='lat' dir='ltr'>Tunc</span> <span class='ocrx_word' id='word_1_61' title='bbox 946 939 1116 1006; x_wconf 88' lang='lat' dir='ltr'>seditiosa</span> <span class='ocrx_word' id='word_1_62' title='bbox 1134 961 1218 1005; x_wconf 83' lang='lat' dir='ltr'>voce</span> <span class='ocrx_word' id='word_1_63' title='bbox 1240 938 1370 1004; x_wconf 79' lang='lat' dir='ltr'>clama·</span> 
     </span>
     <span class='ocr_line' id='line_1_8' title="bbox 160 1041 1368 1126; baseline -0.003 -17"><span class='ocrx_word' id='word_1_64' title='bbox 160 1044 246 1109; x_wconf 90' lang='lat' dir='ltr'>bant</span> <span class='ocrx_word' id='word_1_65' title='bbox 261 1050 425 1126; x_wconf 88' lang='lat' dir='ltr'>parentes</span> <span class='ocrx_word' id='word_1_66' title='bbox 443 1047 570 1109; x_wconf 85' lang='lat' dir='ltr'>mortui</span> <span class='ocrx_word' id='word_1_67' title='bbox 588 1051 710 1110; x_wconf 87' lang='lat' dir='ltr'>contra</span> <span class='ocrx_word' id='word_1_68' title='bbox 724 1044 873 1110; x_wconf 88' lang='lat' dir='ltr'>Mariam</span> <span class='ocrx_word' id='word_1_69' title='bbox 896 1050 931 1109; x_wconf 90' lang='lat' dir='ltr'>et</span> <span class='ocrx_word' id='word_1_70' title='bbox 946 1043 1091 1126; x_wconf 85' lang='lat' dir='ltr'>Ioseph,</span> <span class='ocrx_word' id='word_1_71' title='bbox 1115 1042 1274 1107; x_wconf 87' lang='lat' dir='ltr'>dieentes</span> <span class='ocrx_word' id='word_1_72' title='bbox 1298 1041 1368 1106; x_wconf 86' lang='lat' dir='ltr'>eis:</span> 
     </span>
     <span class='ocr_line' id='line_1_9' title="bbox 160 1142 1366 1228; baseline 0.001 -19"><span class='ocrx_word' id='word_1_73' title='bbox 160 1146 275 1210; x_wconf 84' lang='lat' dir='ltr'>Filius</span> <span class='ocrx_word' id='word_1_74' title='bbox 296 1152 411 1212; x_wconf 80' lang='lat' dir='ltr'>vester</span> <span class='ocrx_word' id='word_1_75' title='bbox 427 1146 608 1212; x_wconf 88' lang='lat' dir='ltr'>maledixit</span> <span class='ocrx_word' id='word_1_76' title='bbox 627 1146 736 1211; x_wconf 85' lang='lat' dir='ltr'>filium</span> <span class='ocrx_word' id='word_1_77' title='bbox 754 1152 926 1228; x_wconf 88' lang='lat' dir='ltr'>nostrum,</span> <span class='ocrx_word' id='word_1_78' title='bbox 949 1152 984 1212; x_wconf 90' lang='lat' dir='ltr'>et</span> <span class='ocrx_word' id='word_1_79' title='bbox 999 1152 1156 1211; x_wconf 87' lang='lat' dir='ltr'>mortuus</span> <span class='ocrx_word' id='word_1_80' title='bbox 1174 1152 1236 1211; x_wconf 87' lang='lat' dir='ltr'>est.</span> <span class='ocrx_word' id='word_1_81' title='bbox 1275 1142 1366 1210; x_wconf 82' lang='lat' dir='ltr'>Cum</span> 
     </span>
     <span class='ocr_line' id='line_1_10' title="bbox 160 1248 1368 1332; baseline 0 -20"><span class='ocrx_word' id='word_1_82' title='bbox 160 1248 344 1315; x_wconf 85' lang='lat' dir='ltr'>audissent</span> <span class='ocrx_word' id='word_1_83' title='bbox 359 1248 489 1332; x_wconf 87' lang='lat' dir='ltr'>Ioseph</span> <span class='ocrx_word' id='word_1_84' title='bbox 508 1257 543 1314; x_wconf 89' lang='lat' dir='ltr'>et</span> <span class='ocrx_word' id='word_1_85' title='bbox 557 1248 682 1328; x_wconf 85' lang='lat' dir='ltr'>Maria,</span> <span class='ocrx_word' id='word_1_86' title='bbox 703 1250 821 1314; x_wconf 89' lang='lat' dir='ltr'>statim</span> <span class='ocrx_word' id='word_1_87' title='bbox 838 1254 1009 1314; x_wconf 88' lang='lat' dir='ltr'>venerunt</span> <span class='ocrx_word' id='word_1_88' title='bbox 1025 1249 1069 1314; x_wconf 90' lang='lat' dir='ltr'>ad</span> <span class='ocrx_word' id='word_1_89' title='bbox 1085 1248 1203 1314; x_wconf 89' lang='lat' dir='ltr'>Iesum</span> <span class='ocrx_word' id='word_1_90' title='bbox 1219 1254 1368 1332; x_wconf 87' lang='lat' dir='ltr'>propter</span> 
     </span>
     <span class='ocr_line' id='line_1_11' title="bbox 160 1350 1366 1435; baseline 0 -20"><span class='ocrx_word' id='word_1_91' title='bbox 160 1351 370 1416; x_wconf 85' lang='lat' dir='ltr'>seditionem</span> <span class='ocrx_word' id='word_1_92' title='bbox 395 1358 579 1435; x_wconf 86' lang='lat' dir='ltr'>parentum</span> <span class='ocrx_word' id='word_1_93' title='bbox 604 1353 705 1435; x_wconf 84' lang='lat' dir='ltr'>pueri</span> <span class='ocrx_word' id='word_1_94' title='bbox 738 1358 773 1417; x_wconf 89' lang='lat' dir='ltr'>et</span> <span class='ocrx_word' id='word_1_95' title='bbox 797 1352 1113 1417; x_wconf 82' lang='lat' dir='ltr'>accumulationem</span> <span class='ocrx_word' id='word_1_96' title='bbox 1140 1350 1366 1416; x_wconf 89' lang='lat' dir='ltr'>Iudaeorum.</span> 
     </span>
     <span class='ocr_line' id='line_1_12' title="bbox 160 1452 1366 1539; baseline -0.002 -20"><span class='ocrx_word' id='word_1_97' title='bbox 160 1452 230 1519; x_wconf 86' lang='lat' dir='ltr'>Sed</span> <span class='ocrx_word' id='word_1_98' title='bbox 247 1453 377 1537; x_wconf 89' lang='lat' dir='ltr'>Ioseph</span> <span class='ocrx_word' id='word_1_99' title='bbox 395 1455 483 1521; x_wconf 84' lang='lat' dir='ltr'>dixit</span> <span class='ocrx_word' id='word_1_100' title='bbox 503 1460 638 1520; x_wconf 85' lang='lat' dir='ltr'>secreto</span> <span class='ocrx_word' id='word_1_101' title='bbox 655 1453 805 1520; x_wconf 86' lang='lat' dir='ltr'>Mariae:</span> <span class='ocrx_word' id='word_1_102' title='bbox 836 1455 912 1539; x_wconf 83' lang='lat' dir='ltr'>Ego</span> <span class='ocrx_word' id='word_1_103' title='bbox 936 1477 1005 1519; x_wconf 95' lang='lat' dir='ltr'>uou</span> <span class='ocrx_word' id='word_1_104' title='bbox 1026 1454 1138 1520; x_wconf 89' lang='lat' dir='ltr'>audeo</span> <span class='ocrx_word' id='word_1_105' title='bbox 1160 1454 1213 1518; x_wconf 89' lang='lat' dir='ltr'>illi</span> <span class='ocrx_word' id='word_1_106' title='bbox 1230 1453 1366 1533; x_wconf 89' lang='lat' dir='ltr'>dicere;</span> 
     </span>
     <span class='ocr_line' id='line_1_13' title="bbox 158 1556 1365 1641; baseline -0.001 -19"><span class='ocrx_word' id='word_1_107' title='bbox 158 1563 288 1622; x_wconf 86' lang='lat' dir='ltr'>tuvero</span> <span class='ocrx_word' id='word_1_108' title='bbox 306 1577 406 1621; x_wconf 90' lang='lat' dir='ltr'>mone</span> <span class='ocrx_word' id='word_1_109' title='bbox 424 1579 503 1622; x_wconf 90' lang='lat' dir='ltr'>eum</span> <span class='ocrx_word' id='word_1_110' title='bbox 520 1559 635 1623; x_wconf 91' lang='lat' dir='ltr'>etdic:</span> <span class='ocrx_word' id='word_1_111' title='bbox 662 1556 777 1641; x_wconf 84' lang='lat' dir='ltr'>Quare</span> <span class='ocrx_word' id='word_1_112' title='bbox 796 1559 957 1624; x_wconf 82' lang='lat' dir='ltr'>excitasti</span> <span class='ocrx_word' id='word_1_113' title='bbox 974 1557 1076 1623; x_wconf 89' lang='lat' dir='ltr'>nobis</span> <span class='ocrx_word' id='word_1_114' title='bbox 1094 1558 1212 1624; x_wconf 91' lang='lat' dir='ltr'>odium</span> <span class='ocrx_word' id='word_1_115' title='bbox 1228 1557 1365 1641; x_wconf 89' lang='lat' dir='ltr'>populi,</span> 
     </span>
     <span class='ocr_line' id='line_1_14' title="bbox 160 1659 1367 1727; baseline 0.001 -3"><span class='ocrx_word' id='word_1_116' title='bbox 160 1665 195 1724; x_wconf 90' lang='lat' dir='ltr'>et</span> <span class='ocrx_word' id='word_1_117' title='bbox 218 1660 431 1725; x_wconf 89' lang='lat' dir='ltr'>sustinemus</span> <span class='ocrx_word' id='word_1_118' title='bbox 454 1661 571 1726; x_wconf 89' lang='lat' dir='ltr'>odium</span> <span class='ocrx_word' id='word_1_119' title='bbox 594 1662 779 1727; x_wconf 89' lang='lat' dir='ltr'>molestum</span> <span class='ocrx_word' id='word_1_120' title='bbox 800 1659 1002 1727; x_wconf 81' lang='lat' dir='ltr'>hominum?</span> <span class='ocrx_word' id='word_1_121' title='bbox 1039 1661 1087 1725; x_wconf 85' lang='lat' dir='ltr'>Et</span> <span class='ocrx_word' id='word_1_122' title='bbox 1113 1681 1190 1725; x_wconf 90' lang='lat' dir='ltr'>cum</span> <span class='ocrx_word' id='word_1_123' title='bbox 1210 1662 1367 1725; x_wconf 87' lang='lat' dir='ltr'>venisset</span> 
     </span>
     <span class='ocr_line' id='line_1_15' title="bbox 159 1761 1365 1847; baseline 0.002 -22"><span class='ocrx_word' id='word_1_124' title='bbox 159 1767 270 1826; x_wconf 89' lang='lat' dir='ltr'>mater</span> <span class='ocrx_word' id='word_1_125' title='bbox 285 1762 329 1826; x_wconf 84' lang='lat' dir='ltr'>ad</span> <span class='ocrx_word' id='word_1_126' title='bbox 347 1784 435 1843; x_wconf 87' lang='lat' dir='ltr'>eum,</span> <span class='ocrx_word' id='word_1_127' title='bbox 453 1763 600 1847; x_wconf 81' lang='lat' dir='ltr'>rogabat</span> <span class='ocrx_word' id='word_1_128' title='bbox 616 1786 694 1830; x_wconf 89' lang='lat' dir='ltr'>eum</span> <span class='ocrx_word' id='word_1_129' title='bbox 706 1765 841 1830; x_wconf 90' lang='lat' dir='ltr'>dicens:</span> <span class='ocrx_word' id='word_1_130' title='bbox 865 1765 1017 1831; x_wconf 89' lang='lat' dir='ltr'>Domine</span> <span class='ocrx_word' id='word_1_131' title='bbox 1028 1764 1085 1845; x_wconf 88' lang='lat' dir='ltr'>mi,</span> <span class='ocrx_word' id='word_1_132' title='bbox 1103 1761 1365 1846; x_wconf 87' lang='lat' dir='ltr'>quidfacieudo</span> 
     </span>
     <span class='ocr_line' id='line_1_16' title="bbox 160 1864 1367 1951; baseline 0.002 -24"><span class='ocrx_word' id='word_1_133' title='bbox 160 1864 227 1928; x_wconf 90' lang='lat' dir='ltr'>iste</span> <span class='ocrx_word' id='word_1_134' title='bbox 245 1865 330 1929; x_wconf 85' lang='lat' dir='ltr'>fecit</span> <span class='ocrx_word' id='word_1_135' title='bbox 346 1871 385 1929; x_wconf 87' lang='lat' dir='ltr'>ut</span> <span class='ocrx_word' id='word_1_136' title='bbox 395 1864 611 1931; x_wconf 81' lang='lat' dir='ltr'>moreretur?</span> <span class='ocrx_word' id='word_1_137' title='bbox 633 1864 683 1931; x_wconf 87' lang='lat' dir='ltr'>At</span> <span class='ocrx_word' id='word_1_138' title='bbox 699 1867 872 1932; x_wconf 86' lang='lat' dir='ltr'>illedixit:</span> <span class='ocrx_word' id='word_1_139' title='bbox 896 1867 1033 1951; x_wconf 85' lang='lat' dir='ltr'>Dignus</span> <span class='ocrx_word' id='word_1_140' title='bbox 1052 1872 1127 1931; x_wconf 87' lang='lat' dir='ltr'>erat</span> <span class='ocrx_word' id='word_1_141' title='bbox 1142 1873 1264 1947; x_wconf 88' lang='lat' dir='ltr'>morte,</span> <span class='ocrx_word' id='word_1_142' title='bbox 1283 1867 1367 1949; x_wconf 89' lang='lat' dir='ltr'>quia</span> 
     </span>
    </p>
   </div>
   <div class='ocr_carea' id='block_1_3' title="bbox 149 2023 1369 4489">
    <p class='ocr_par' dir='ltr' id='par_1_3' title="bbox 159 2023 1369 2603">
     <span class='ocr_line' id='line_1_17' title="bbox 159 2023 1367 2090; baseline 0 -18"><span class='ocrx_word' id='word_1_143' title='bbox 159 2023 229 2087; x_wconf 62' lang='lat' dir='ltr'>auiis</span> <span class='ocrx_word' id='word_1_144' title='bbox 240 2023 391 2088; x_wconf 79' lang='lat' dir='ltr'>etiamseeit</span> <span class='ocrx_word' id='word_1_145' title='bbox 403 2025 520 2074; x_wconf 76' lang='lat' dir='ltr'>aroeolor</span> <span class='ocrx_word' id='word_1_146' title='bbox 528 2026 636 2074; x_wconf 68' lang='lat' dir='ltr'>duc-atui</span> <span class='ocrx_word' id='word_1_147' title='bbox 646 2026 707 2087; x_wconf 82' lang='lat' dir='ltr'>(sic)</span> <span class='ocrx_word' id='word_1_148' title='bbox 716 2041 837 2090; x_wconf 75' lang='lat' dir='ltr'>perquer</span> <span class='ocrx_word' id='word_1_149' title='bbox 849 2026 919 2087; x_wconf 87' lang='lat' dir='ltr'>(cod.</span> <span class='ocrx_word' id='word_1_150' title='bbox 930 2026 1004 2090; x_wconf 75' lang='lat' dir='ltr'>quoe)</span> <span class='ocrx_word' id='word_1_151' title='bbox 1016 2027 1047 2074; x_wconf 90' lang='lat' dir='ltr'>de</span> <span class='ocrx_word' id='word_1_152' title='bbox 1061 2030 1173 2075; x_wconf 74' lang='lat' dir='ltr'>torrente</span> <span class='ocrx_word' id='word_1_153' title='bbox 1185 2026 1220 2074; x_wconf 86' lang='lat' dir='ltr'>ad</span> <span class='ocrx_word' id='word_1_154' title='bbox 1232 2025 1367 2086; x_wconf 75' lang='lat' dir='ltr'>imperium</span> 
     </span>
     <span class='ocr_line' id='line_1_18' title="bbox 159 2109 1366 2175; baseline 0.002 -17"><span class='ocrx_word' id='word_1_155' title='bbox 159 2126 229 2158; x_wconf 77' lang='lat' dir='ltr'>auum</span> <span class='ocrx_word' id='word_1_156' title='bbox 241 2124 323 2173; x_wconf 77' lang='lat' dir='ltr'>aquas</span> <span class='ocrx_word' id='word_1_157' title='bbox 333 2109 441 2158; x_wconf 79' lang='lat' dir='ltr'>ducebat</span> <span class='ocrx_word' id='word_1_158' title='bbox 458 2110 570 2159; x_wconf 76' lang='lat' dir='ltr'>iudaeus</span> <span class='ocrx_word' id='word_1_159' title='bbox 587 2115 612 2159; x_wconf 85' lang='lat' dir='ltr'>et</span> <span class='ocrx_word' id='word_1_160' title='bbox 629 2111 720 2160; x_wconf 81' lang='lat' dir='ltr'>iterum</span> <span class='ocrx_word' id='word_1_161' title='bbox 737 2112 880 2161; x_wconf 81' lang='lat' dir='ltr'>reducebat.</span> <span class='ocrx_word' id='word_1_162' title='bbox 914 2111 982 2160; x_wconf 77' lang='lat' dir='ltr'>Tune</span> <span class='ocrx_word' id='word_1_163' title='bbox 999 2127 1063 2159; x_wconf 76' lang='lat' dir='ltr'>uuus</span> <span class='ocrx_word' id='word_1_164' title='bbox 1076 2137 1084 2147; x_wconf 93' lang='lat'><em>·</em></span> <span class='ocrx_word' id='word_1_165' title='bbox 1098 2115 1174 2174; x_wconf 75' lang='lat' dir='ltr'>atque</span> <span class='ocrx_word' id='word_1_166' title='bbox 1191 2112 1284 2160; x_wconf 82' lang='lat' dir='ltr'>euertit</span> <span class='ocrx_word' id='word_1_167' title='bbox 1297 2110 1366 2175; x_wconf 84' lang='lat' dir='ltr'>quod</span> 
     </span>
     <span class='ocr_line' id='line_1_19' title="bbox 160 2193 1367 2261; baseline -0.001 -16"><span class='ocrx_word' id='word_1_168' title='bbox 160 2211 231 2257; x_wconf 80' lang='lat' dir='ltr'>oper.</span> <span class='ocrx_word' id='word_1_169' title='bbox 250 2198 288 2244; x_wconf 69' lang='lat' dir='ltr'>eet</span> <span class='ocrx_word' id='word_1_170' title='bbox 299 2193 349 2242; x_wconf 76' lang='lat' dir='ltr'>Ies.</span> <span class='ocrx_word' id='word_1_171' title='bbox 376 2194 444 2243; x_wconf 71' lang='lat' dir='ltr'>Tum</span> <span class='ocrx_word' id='word_1_172' title='bbox 456 2196 523 2245; x_wconf 60' lang='lat' dir='ltr'>duait</span> <span class='ocrx_word' id='word_1_173' title='bbox 539 2197 564 2244; x_wconf 82' lang='lat' dir='ltr'>ei</span> <span class='ocrx_word' id='word_1_174' title='bbox 575 2196 628 2245; x_wconf 89' lang='lat' dir='ltr'>Ie..·</span> <span class='ocrx_word' id='word_1_175' title='bbox 657 2196 721 2246; x_wconf 81' lang='lat' dir='ltr'>Vere</span> <span class='ocrx_word' id='word_1_176' title='bbox 731 2197 779 2261; x_wconf 80' lang='lat' dir='ltr'>flii</span> <span class='ocrx_word' id='word_1_177' title='bbox 796 2202 848 2246; x_wconf 86' lang='lat' dir='ltr'>etc.</span> <span class='ocrx_word' id='word_1_178' title='bbox 872 2199 896 2246; x_wconf 80' lang='grc'>2,</span> <span class='ocrx_word' id='word_1_179' title='bbox 918 2195 986 2246; x_wconf 73' lang='lat' dir='ltr'>Tunc</span> <span class='ocrx_word' id='word_1_180' title='bbox 999 2221 1007 2232; x_wconf 94' lang='lat'><strong>·</strong></span> <span class='ocrx_word' id='word_1_181' title='bbox 1020 2201 1111 2245; x_wconf 83' lang='lat' dir='ltr'>contra</span> <span class='ocrx_word' id='word_1_182' title='bbox 1123 2196 1175 2245; x_wconf 78' lang='lat' dir='ltr'>Ios.</span> <span class='ocrx_word' id='word_1_183' title='bbox 1192 2200 1217 2244; x_wconf 78' lang='lat' dir='ltr'>et</span> <span class='ocrx_word' id='word_1_184' title='bbox 1229 2196 1314 2245; x_wconf 82' lang='lat' dir='ltr'>Mari.</span> <span class='ocrx_word' id='word_1_185' title='bbox 1327 2197 1367 2244; x_wconf 85' lang='lat' dir='ltr'>di·</span> 
     </span>
     <span class='ocr_line' id='line_1_20' title="bbox 160 2280 1369 2346; baseline 0.002 -18"><span class='ocrx_word' id='word_1_186' title='bbox 160 2285 257 2330; x_wconf 78' lang='lat' dir='ltr'>ceuter:</span> <span class='ocrx_word' id='word_1_187' title='bbox 274 2304 282 2316; x_wconf 92' lang='lat'><strong>·</strong></span> <span class='ocrx_word' id='word_1_188' title='bbox 292 2281 356 2346; x_wconf 80' lang='lat' dir='ltr'>filio</span> <span class='ocrx_word' id='word_1_189' title='bbox 372 2286 480 2330; x_wconf 74' lang='lat' dir='ltr'>uestro·</span> <span class='ocrx_word' id='word_1_190' title='bbox 496 2281 554 2330; x_wconf 84' lang='lat' dir='ltr'>Cum</span> <span class='ocrx_word' id='word_1_191' title='bbox 573 2287 656 2331; x_wconf 85' lang='lat' dir='ltr'>autem</span> <span class='ocrx_word' id='word_1_192' title='bbox 667 2284 713 2332; x_wconf 77' lang='lat' dir='ltr'>too</span> <span class='ocrx_word' id='word_1_193' title='bbox 725 2283 856 2331; x_wconf 71' lang='lat' dir='ltr'>audissent</span> <span class='ocrx_word' id='word_1_194' title='bbox 872 2308 880 2318; x_wconf 95' lang='lat'>·</span> <span class='ocrx_word' id='word_1_195' title='bbox 899 2287 925 2331; x_wconf 88' lang='lat' dir='ltr'>et</span> <span class='ocrx_word' id='word_1_196' title='bbox 936 2282 1070 2331; x_wconf 80' lang='lat' dir='ltr'>clamorem</span> <span class='ocrx_word' id='word_1_197' title='bbox 1083 2282 1245 2330; x_wconf 80' lang='lat' dir='ltr'>Iudaeorum.</span> <span class='ocrx_word' id='word_1_198' title='bbox 1270 2280 1325 2329; x_wconf 80' lang='lat' dir='ltr'>Sed</span> <span class='ocrx_word' id='word_1_199' title='bbox 1342 2285 1369 2330; x_wconf 78' lang='lat' dir='ltr'>ct</span> 
     </span>
     <span class='ocr_line' id='line_1_21' title="bbox 160 2366 1364 2431; baseline 0.001 -17"><span class='ocrx_word' id='word_1_200' title='bbox 160 2366 252 2428; x_wconf 71' lang='lat' dir='ltr'>Ioseph</span> <span class='ocrx_word' id='word_1_201' title='bbox 270 2392 279 2403; x_wconf 94' lang='lat'><strong>·</strong></span> <span class='ocrx_word' id='word_1_202' title='bbox 296 2368 445 2416; x_wconf 70' lang='lat' dir='ltr'>sustinemus</span> <span class='ocrx_word' id='word_1_203' title='bbox 460 2368 590 2417; x_wconf 71' lang='lat' dir='ltr'>uuolestias</span> <span class='ocrx_word' id='word_1_204' title='bbox 606 2369 729 2417; x_wconf 76' lang='lat' dir='ltr'>domiuum</span> <span class='ocrx_word' id='word_1_205' title='bbox 748 2394 756 2404; x_wconf 96' lang='lat'>·</span> <span class='ocrx_word' id='word_1_206' title='bbox 775 2373 857 2418; x_wconf 81' lang='lat' dir='ltr'>mater</span> <span class='ocrx_word' id='word_1_207' title='bbox 873 2369 927 2417; x_wconf 76' lang='lat' dir='ltr'>eiua</span> <span class='ocrx_word' id='word_1_208' title='bbox 945 2369 979 2416; x_wconf 85' lang='lat' dir='ltr'>ud</span> <span class='ocrx_word' id='word_1_209' title='bbox 997 2384 1050 2417; x_wconf 80' lang='lat' dir='ltr'>eum</span> <span class='ocrx_word' id='word_1_210' title='bbox 1069 2393 1077 2403; x_wconf 95' lang='lat'>·</span> <span class='ocrx_word' id='word_1_211' title='bbox 1095 2368 1163 2416; x_wconf 75' lang='lat' dir='ltr'>dixit</span> <span class='ocrx_word' id='word_1_212' title='bbox 1180 2368 1216 2416; x_wconf 84' lang='lat' dir='ltr'>ei:</span> <span class='ocrx_word' id='word_1_213' title='bbox 1238 2368 1364 2431; x_wconf 60' lang='lat' dir='ltr'>Diffusus·</span> 
     </span>
     <span class='ocr_line' id='line_1_22' title="bbox 159 2453 1364 2517; baseline -0.001 -16"><span class='ocrx_word' id='word_1_214' title='bbox 159 2455 184 2501; x_wconf 80' lang='grc'>3.</span> <span class='ocrx_word' id='word_1_215' title='bbox 203 2453 321 2516; x_wconf 66' lang='lat' dir='ltr'>Royabcd</span> <span class='ocrx_word' id='word_1_216' title='bbox 338 2469 398 2516; x_wconf 65' lang='lat' dir='ltr'>erqo</span> <span class='ocrx_word' id='word_1_217' title='bbox 414 2469 468 2502; x_wconf 77' lang='lat' dir='ltr'>euru</span> <span class='ocrx_word' id='word_1_218' title='bbox 484 2459 566 2503; x_wconf 84' lang='lat' dir='ltr'>muter</span> <span class='ocrx_word' id='word_1_219' title='bbox 583 2472 630 2504; x_wconf 77' lang='lat' dir='ltr'>rua</span> <span class='ocrx_word' id='word_1_220' title='bbox 647 2456 734 2503; x_wconf 78' lang='lat' dir='ltr'>diceus</span> <span class='ocrx_word' id='word_1_221' title='bbox 751 2480 759 2490; x_wconf 95' lang='lat'><strong>·</strong></span> <span class='ocrx_word' id='word_1_222' title='bbox 781 2457 807 2503; x_wconf 84' lang='lat' dir='ltr'>in</span> <span class='ocrx_word' id='word_1_223' title='bbox 826 2470 878 2504; x_wconf 76' lang='lat' dir='ltr'>nor.</span> <span class='ocrx_word' id='word_1_224' title='bbox 907 2457 945 2502; x_wconf 73' lang='lat' dir='ltr'>At</span> <span class='ocrx_word' id='word_1_225' title='bbox 962 2479 971 2489; x_wconf 93' lang='lat'>·</span> <span class='ocrx_word' id='word_1_226' title='bbox 989 2469 1069 2517; x_wconf 82' lang='lat' dir='ltr'>opera</span> <span class='ocrx_word' id='word_1_227' title='bbox 1085 2469 1150 2517; x_wconf 82' lang='lat' dir='ltr'>quae</span> <span class='ocrx_word' id='word_1_228' title='bbox 1166 2457 1289 2517; x_wconf 71' lang='lat' dir='ltr'>operatus</span> <span class='ocrx_word' id='word_1_229' title='bbox 1300 2467 1364 2501; x_wconf 69' lang='lat' dir='ltr'>mm.</span> 
     </span>
     <span class='ocr_line' id='line_1_23' title="bbox 162 2538 721 2603; baseline 0.007 -17"><span class='ocrx_word' id='word_1_230' title='bbox 162 2538 230 2587; x_wconf 63' lang='lat' dir='ltr'>que</span> <span class='ocrx_word' id='word_1_231' title='bbox 243 2539 288 2587; x_wconf 72' lang='lat' dir='ltr'>uu</span> <span class='ocrx_word' id='word_1_232' title='bbox 301 2540 344 2603; x_wconf 80' lang='lat' dir='ltr'>qui</span> <span class='ocrx_word' id='word_1_233' title='bbox 356 2565 365 2575; x_wconf 93' lang='lat'><strong>·</strong></span> <span class='ocrx_word' id='word_1_234' title='bbox 379 2555 471 2603; x_wconf 73' lang='lat' dir='ltr'>aquarn</span> <span class='ocrx_word' id='word_1_235' title='bbox 483 2541 590 2589; x_wconf 78' lang='lat' dir='ltr'>ducebat</span> <span class='ocrx_word' id='word_1_236' title='bbox 602 2542 628 2589; x_wconf 81' lang='lat' dir='ltr'>in</span> <span class='ocrx_word' id='word_1_237' title='bbox 641 2541 721 2590; x_wconf 78' lang='lat' dir='ltr'>ieeur.</span> 
     </span>
    </p>

    <p class='ocr_par' dir='ltr' id='par_1_4' title="bbox 149 2623 1366 4489">
     <span class='ocr_line' id='line_1_24' title="bbox 229 2623 1365 2690; baseline 0 -18"><span class='ocrx_word' id='word_1_238' title='bbox 229 2623 326 2682; x_wconf 81' lang='lat' dir='ltr'>xxv1,</span> <span class='ocrx_word' id='word_1_239' title='bbox 347 2627 370 2674; x_wconf 94' lang='lat'>1.</span> <span class='ocrx_word' id='word_1_240' title='bbox 395 2638 412 2673; x_wconf 80' lang='lat' dir='ltr'>u</span> <span class='ocrx_word' id='word_1_241' title='bbox 425 2625 478 2674; x_wconf 86' lang='lat' dir='ltr'>sic:</span> <span class='ocrx_word' id='word_1_242' title='bbox 505 2626 543 2674; x_wconf 80' lang='lat' dir='ltr'>Et</span> <span class='ocrx_word' id='word_1_243' title='bbox 560 2643 614 2674; x_wconf 76' lang='lat' dir='ltr'>eum</span> <span class='ocrx_word' id='word_1_244' title='bbox 632 2629 741 2690; x_wconf 83' lang='lat' dir='ltr'>quadam</span> <span class='ocrx_word' id='word_1_245' title='bbox 758 2627 800 2676; x_wconf 82' lang='lat' dir='ltr'>die</span> <span class='ocrx_word' id='word_1_246' title='bbox 814 2643 880 2689; x_wconf 83' lang='lat' dir='ltr'>puer</span> <span class='ocrx_word' id='word_1_247' title='bbox 892 2626 964 2674; x_wconf 76' lang='lat' dir='ltr'>Iesus</span> <span class='ocrx_word' id='word_1_248' title='bbox 981 2630 1056 2674; x_wconf 73' lang='lat' dir='ltr'>extra</span> <span class='ocrx_word' id='word_1_249' title='bbox 1073 2641 1158 2674; x_wconf 78' lang='lat' dir='ltr'>muros</span> <span class='ocrx_word' id='word_1_250' title='bbox 1175 2624 1290 2672; x_wconf 75' lang='lat' dir='ltr'>civitatis</span> <span class='ocrx_word' id='word_1_251' title='bbox 1308 2639 1365 2672; x_wconf 77' lang='lat' dir='ltr'>cum</span> 
     </span>
     <span class='ocr_line' id='line_1_25' title="bbox 159 2710 1365 2776; baseline 0.001 -19"><span class='ocrx_word' id='word_1_252' title='bbox 159 2710 300 2774; x_wconf 75' lang='lat' dir='ltr'>infantibus</span> <span class='ocrx_word' id='word_1_253' title='bbox 312 2711 425 2760; x_wconf 79' lang='lat' dir='ltr'>civitatis</span> <span class='ocrx_word' id='word_1_254' title='bbox 437 2711 509 2760; x_wconf 82' lang='lat' dir='ltr'>illius</span> <span class='ocrx_word' id='word_1_255' title='bbox 520 2713 610 2770; x_wconf 66' lang='lat' dir='ltr'>exiret,</span> <span class='ocrx_word' id='word_1_256' title='bbox 629 2714 655 2760; x_wconf 82' lang='lat' dir='ltr'>iu</span> <span class='ocrx_word' id='word_1_257' title='bbox 666 2714 727 2776; x_wconf 80' lang='lat' dir='ltr'>ripa</span> <span class='ocrx_word' id='word_1_258' title='bbox 738 2714 818 2761; x_wconf 74' lang='lat' dir='ltr'>ursaria</span> <span class='ocrx_word' id='word_1_259' title='bbox 830 2728 906 2774; x_wconf 77' lang='lat' dir='ltr'>super</span> <span class='ocrx_word' id='word_1_260' title='bbox 918 2727 1023 2760; x_wconf 78' lang='lat' dir='ltr'>arenam</span> <span class='ocrx_word' id='word_1_261' title='bbox 1039 2712 1065 2758; x_wconf 86' lang='lat' dir='ltr'>iu</span> <span class='ocrx_word' id='word_1_262' title='bbox 1079 2711 1163 2768; x_wconf 82' lang='lat' dir='ltr'>litore,</span> <span class='ocrx_word' id='word_1_263' title='bbox 1182 2710 1224 2758; x_wconf 83' lang='lat' dir='ltr'>udi</span> <span class='ocrx_word' id='word_1_264' title='bbox 1236 2725 1365 2773; x_wconf 72' lang='lat' dir='ltr'>aquarum</span> 
     </span>
     <span class='ocr_line' id='line_1_26' title="bbox 159 2795 1365 2862; baseline 0.001 -20"><span class='ocrx_word' id='word_1_265' title='bbox 159 2795 317 2860; x_wconf 74' lang='lat' dir='ltr'>confluebant</span> <span class='ocrx_word' id='word_1_266' title='bbox 328 2796 415 2854; x_wconf 81' lang='lat' dir='ltr'>rivuli,</span> <span class='ocrx_word' id='word_1_267' title='bbox 427 2797 557 2846; x_wconf 72' lang='lat' dir='ltr'>duodecim</span> <span class='ocrx_word' id='word_1_268' title='bbox 570 2798 759 2862; x_wconf 74' lang='lat' dir='ltr'>laeucfaeieur,</span> <span class='ocrx_word' id='word_1_269' title='bbox 773 2798 806 2845; x_wconf 86' lang='lat' dir='ltr'>ad</span> <span class='ocrx_word' id='word_1_270' title='bbox 819 2798 872 2846; x_wconf 72' lang='lat' dir='ltr'>eius</span> <span class='ocrx_word' id='word_1_271' title='bbox 884 2797 1014 2858; x_wconf 71' lang='lat' dir='ltr'>troparium</span> <span class='ocrx_word' id='word_1_272' title='bbox 1026 2797 1058 2844; x_wconf 85' lang='lat' dir='ltr'>de</span> <span class='ocrx_word' id='word_1_273' title='bbox 1068 2800 1181 2845; x_wconf 69' lang='lat' dir='ltr'>terrama</span> <span class='ocrx_word' id='word_1_274' title='bbox 1193 2811 1275 2859; x_wconf 64' lang='lat' dir='ltr'>siquae</span> <span class='ocrx_word' id='word_1_275' title='bbox 1288 2795 1365 2843; x_wconf 82' lang='lat' dir='ltr'>duee·</span> 
     </span>
     <span class='ocr_line' id='line_1_27' title="bbox 159 2880 1365 2948; baseline -0.001 -19"><span class='ocrx_word' id='word_1_276' title='bbox 159 2881 265 2938; x_wconf 78' lang='lat' dir='ltr'>buntur,</span> <span class='ocrx_word' id='word_1_277' title='bbox 283 2883 396 2945; x_wconf 75' lang='lat' dir='ltr'>quamuis</span> <span class='ocrx_word' id='word_1_278' title='bbox 413 2899 489 2947; x_wconf 66' lang='lat' dir='ltr'>usque</span> <span class='ocrx_word' id='word_1_279' title='bbox 507 2884 542 2931; x_wconf 83' lang='lat' dir='ltr'>ad</span> <span class='ocrx_word' id='word_1_280' title='bbox 560 2900 677 2932; x_wconf 71' lang='lat' dir='ltr'>munuum</span> <span class='ocrx_word' id='word_1_281' title='bbox 692 2883 765 2947; x_wconf 65' lang='lat' dir='ltr'>pleni</span> <span class='ocrx_word' id='word_1_282' title='bbox 774 2884 890 2948; x_wconf 75' lang='lat' dir='ltr'>fuissent</span> <span class='ocrx_word' id='word_1_283' title='bbox 902 2899 990 2932; x_wconf 77' lang='lat' dir='ltr'>cursus</span> <span class='ocrx_word' id='word_1_284' title='bbox 1007 2898 1139 2946; x_wconf 70' lang='lat' dir='ltr'>aquensia.</span> <span class='ocrx_word' id='word_1_285' title='bbox 1168 2880 1278 2941; x_wconf 78' lang='lat' dir='ltr'>Quidam</span> <span class='ocrx_word' id='word_1_286' title='bbox 1286 2895 1365 2943; x_wconf 75' lang='lat' dir='ltr'>puer,</span> 
     </span>
     <span class='ocr_line' id='line_1_28' title="bbox 158 2964 1366 3033; baseline -0.001 -18"><span class='ocrx_word' id='word_1_287' title='bbox 158 2967 228 3021; x_wconf 78' lang='lat' dir='ltr'>tilius</span> <span class='ocrx_word' id='word_1_288' title='bbox 239 2967 381 3016; x_wconf 74' lang='lat' dir='ltr'>sucerdotis</span> <span class='ocrx_word' id='word_1_289' title='bbox 393 2967 480 3029; x_wconf 71' lang='lat' dir='ltr'>templi</span> <span class='ocrx_word' id='word_1_290' title='bbox 496 2969 523 3016; x_wconf 82' lang='lat' dir='ltr'>iu</span> <span class='ocrx_word' id='word_1_291' title='bbox 536 2984 583 3031; x_wconf 85' lang='lat' dir='ltr'>quo</span> <span class='ocrx_word' id='word_1_292' title='bbox 600 2969 672 3018; x_wconf 82' lang='lat' dir='ltr'>idolo</span> <span class='ocrx_word' id='word_1_293' title='bbox 684 2970 818 3033; x_wconf 77' lang='lat' dir='ltr'>confracta</span> <span class='ocrx_word' id='word_1_294' title='bbox 826 2969 951 3032; x_wconf 77' lang='lat' dir='ltr'>fueraut,</span> <span class='ocrx_word' id='word_1_295' title='bbox 969 2968 1076 3016; x_wconf 63' lang='lat' dir='ltr'>aceedit</span> <span class='ocrx_word' id='word_1_296' title='bbox 1088 2964 1203 3029; x_wconf 75' lang='lat' dir='ltr'>[animo]</span> <span class='ocrx_word' id='word_1_297' title='bbox 1216 2965 1319 3024; x_wconf 83' lang='lat' dir='ltr'>iuoido,</span> <span class='ocrx_word' id='word_1_298' title='bbox 1338 2968 1366 3014; x_wconf 81' lang='lat' dir='ltr'>et</span> 
     </span>
     <span class='ocr_line' id='line_1_29' title="bbox 159 3051 1366 3117; baseline 0.001 -18"><span class='ocrx_word' id='word_1_299' title='bbox 159 3052 337 3116; x_wconf 79' lang='lat' dir='ltr'>nimiofurore</span> <span class='ocrx_word' id='word_1_300' title='bbox 349 3052 436 3100; x_wconf 76' lang='lat' dir='ltr'>aditus</span> <span class='ocrx_word' id='word_1_301' title='bbox 448 3054 491 3116; x_wconf 82' lang='lat' dir='ltr'>qui</span> <span class='ocrx_word' id='word_1_302' title='bbox 502 3052 682 3102; x_wconf 80' lang='lat' dir='ltr'>ministrabant</span> <span class='ocrx_word' id='word_1_303' title='bbox 691 3069 772 3117; x_wconf 78' lang='lat' dir='ltr'>aquas</span> <span class='ocrx_word' id='word_1_304' title='bbox 784 3055 810 3102; x_wconf 82' lang='lat' dir='ltr'>iu</span> <span class='ocrx_word' id='word_1_305' title='bbox 823 3052 903 3109; x_wconf 59' lang='lat' dir='ltr'>heus,</span> <span class='ocrx_word' id='word_1_306' title='bbox 916 3054 1087 3117; x_wconf 77' lang='lat' dir='ltr'>quorfeeerat</span> <span class='ocrx_word' id='word_1_307' title='bbox 1098 3053 1178 3108; x_wconf 73' lang='lat' dir='ltr'>Iecur,</span> <span class='ocrx_word' id='word_1_308' title='bbox 1187 3051 1298 3113; x_wconf 72' lang='lat' dir='ltr'>pedibas</span> <span class='ocrx_word' id='word_1_309' title='bbox 1309 3051 1366 3100; x_wconf 67' lang='lat' dir='ltr'>ruia</span> 
     </span>
     <span class='ocr_line' id='line_1_30' title="bbox 158 3135 1364 3202; baseline 0 -17"><span class='ocrx_word' id='word_1_310' title='bbox 158 3138 257 3186; x_wconf 84' lang='lat' dir='ltr'>evertit.</span> <span class='ocrx_word' id='word_1_311' title='bbox 282 3137 360 3186; x_wconf 68' lang='lat' dir='ltr'>Dixit</span> <span class='ocrx_word' id='word_1_312' title='bbox 371 3139 409 3186; x_wconf 87' lang='lat' dir='ltr'>ei:</span> <span class='ocrx_word' id='word_1_313' title='bbox 430 3140 451 3187; x_wconf 91' lang='grc' dir='ltr'>Ο</span> <span class='ocrx_word' id='word_1_314' title='bbox 462 3139 504 3199; x_wconf 73' lang='lat' dir='ltr'>liti</span> <span class='ocrx_word' id='word_1_315' title='bbox 515 3144 631 3196; x_wconf 72' lang='lat' dir='ltr'>satanae,</span> <span class='ocrx_word' id='word_1_316' title='bbox 647 3155 728 3187; x_wconf 78' lang='lat' dir='ltr'>semen</span> <span class='ocrx_word' id='word_1_317' title='bbox 740 3138 892 3202; x_wconf 77' lang='lat' dir='ltr'>iniquitatis,</span> <span class='ocrx_word' id='word_1_318' title='bbox 907 3138 1015 3201; x_wconf 77' lang='lat' dir='ltr'>pessime</span> <span class='ocrx_word' id='word_1_319' title='bbox 1027 3135 1098 3199; x_wconf 79' lang='lat' dir='ltr'>(eie),</span> <span class='ocrx_word' id='word_1_320' title='bbox 1117 3152 1174 3185; x_wconf 81' lang='lat' dir='ltr'>uere</span> <span class='ocrx_word' id='word_1_321' title='bbox 1187 3136 1290 3184; x_wconf 74' lang='lat' dir='ltr'>radices</span> <span class='ocrx_word' id='word_1_322' title='bbox 1303 3140 1364 3185; x_wconf 77' lang='lat' dir='ltr'>tuae</span> 
     </span>
     <span class='ocr_line' id='line_1_31' title="bbox 158 3221 1364 3289; baseline -0.002 -17"><span class='ocrx_word' id='word_1_323' title='bbox 158 3227 233 3272; x_wconf 83' lang='lat' dir='ltr'>eruut</span> <span class='ocrx_word' id='word_1_324' title='bbox 244 3223 298 3272; x_wconf 74' lang='lat' dir='ltr'>siue</span> <span class='ocrx_word' id='word_1_325' title='bbox 309 3224 425 3282; x_wconf 74' lang='lat' dir='ltr'>tumore,</span> <span class='ocrx_word' id='word_1_326' title='bbox 443 3226 509 3272; x_wconf 80' lang='lat' dir='ltr'>rami</span> <span class='ocrx_word' id='word_1_327' title='bbox 521 3225 559 3273; x_wconf 81' lang='lat' dir='ltr'>tui</span> <span class='ocrx_word' id='word_1_328' title='bbox 571 3225 742 3289; x_wconf 74' lang='lat' dir='ltr'>uonsereutes</span> <span class='ocrx_word' id='word_1_329' title='bbox 751 3226 877 3289; x_wconf 84' lang='lat' dir='ltr'>fructum.</span> <span class='ocrx_word' id='word_1_330' title='bbox 908 3223 1055 3272; x_wconf 74' lang='lat' dir='ltr'>Videutiduu</span> <span class='ocrx_word' id='word_1_331' title='bbox 1067 3223 1158 3272; x_wconf 73' lang='lat' dir='ltr'>ceteris</span> <span class='ocrx_word' id='word_1_332' title='bbox 1166 3237 1232 3284; x_wconf 82' lang='lat' dir='ltr'>puer</span> <span class='ocrx_word' id='word_1_333' title='bbox 1243 3221 1292 3270; x_wconf 76' lang='lat' dir='ltr'>itte</span> <span class='ocrx_word' id='word_1_334' title='bbox 1303 3238 1364 3270; x_wconf 82' lang='lat' dir='ltr'>ure·</span> 
     </span>
     <span class='ocr_line' id='line_1_32' title="bbox 149 3307 1364 3373; baseline 0 -18"><span class='ocrx_word' id='word_1_335' title='bbox 149 3309 298 3372; x_wconf 74' lang='lat' dir='ltr'>scotusaei</span> <span class='ocrx_word' id='word_1_336' title='bbox 316 3313 391 3359; x_wconf 76' lang='lat' dir='ltr'>tutuo.</span> <span class='ocrx_word' id='word_1_337' title='bbox 422 3307 558 3369; x_wconf 71' lang='lat' dir='ltr'>(Extrema</span> <span class='ocrx_word' id='word_1_338' title='bbox 576 3311 611 3358; x_wconf 84' lang='lat' dir='ltr'>cf.</span> <span class='ocrx_word' id='word_1_339' title='bbox 630 3309 664 3359; x_wconf 81' lang='lat' dir='ltr'>ad</span> <span class='ocrx_word' id='word_1_340' title='bbox 681 3325 737 3373; x_wconf 83' lang='lat' dir='ltr'>cap.</span> <span class='ocrx_word' id='word_1_341' title='bbox 757 3308 893 3371; x_wconf 79' lang='lat' dir='ltr'><strong>XXVIII.)</strong></span> <span class='ocrx_word' id='word_1_342' title='bbox 929 3312 953 3358; x_wconf 79' lang='grc'>2.</span> <span class='ocrx_word' id='word_1_343' title='bbox 972 3322 989 3357; x_wconf 77' lang='lat' dir='ltr'>n</span> <span class='ocrx_word' id='word_1_344' title='bbox 1007 3309 1108 3373; x_wconf 77' lang='lat' dir='ltr'>pergit:</span> <span class='ocrx_word' id='word_1_345' title='bbox 1139 3309 1309 3355; x_wconf 60' lang='lat' dir='ltr'>,uocemue</span> <span class='ocrx_word' id='word_1_346' title='bbox 1327 3307 1364 3355; x_wconf 82' lang='lat' dir='ltr'>ad</span> 
     </span>
     <span class='ocr_line' id='line_1_33' title="bbox 158 3392 1364 3458; baseline 0.002 -17"><span class='ocrx_word' id='word_1_347' title='bbox 158 3394 257 3442; x_wconf 81' lang='lat' dir='ltr'>beatam</span> <span class='ocrx_word' id='word_1_348' title='bbox 269 3393 384 3442; x_wconf 80' lang='lat' dir='ltr'>Mariam</span> <span class='ocrx_word' id='word_1_349' title='bbox 402 3398 427 3442; x_wconf 83' lang='lat' dir='ltr'>et</span> <span class='ocrx_word' id='word_1_350' title='bbox 439 3394 530 3455; x_wconf 74' lang='lat' dir='ltr'>Ioseph</span> <span class='ocrx_word' id='word_1_351' title='bbox 538 3399 662 3456; x_wconf 75' lang='lat' dir='ltr'>parentes</span> <span class='ocrx_word' id='word_1_352' title='bbox 669 3395 745 3456; x_wconf 82' lang='lat' dir='ltr'>pueri</span> <span class='ocrx_word' id='word_1_353' title='bbox 756 3396 849 3445; x_wconf 82' lang='lat' dir='ltr'>mortui</span> <span class='ocrx_word' id='word_1_354' title='bbox 862 3392 916 3458; x_wconf 89' lang='lat' dir='ltr'>[et]</span> <span class='ocrx_word' id='word_1_355' title='bbox 929 3395 1064 3442; x_wconf 71' lang='lat' dir='ltr'>dixerunt:</span> <span class='ocrx_word' id='word_1_356' title='bbox 1093 3392 1164 3441; x_wconf 77' lang='lat' dir='ltr'>Unde</span> <span class='ocrx_word' id='word_1_357' title='bbox 1179 3397 1218 3441; x_wconf 77' lang='lat' dir='ltr'>est</span> <span class='ocrx_word' id='word_1_358' title='bbox 1235 3393 1284 3441; x_wconf 73' lang='lat' dir='ltr'>icto</span> <span class='ocrx_word' id='word_1_359' title='bbox 1292 3407 1364 3455; x_wconf 75' lang='lat' dir='ltr'>paor</span> 
     </span>
     <span class='ocr_line' id='line_1_34' title="bbox 160 3478 1361 3544; baseline -0.001 -17"><span class='ocrx_word' id='word_1_360' title='bbox 160 3483 241 3528; x_wconf 74' lang='lat' dir='ltr'>uester</span> <span class='ocrx_word' id='word_1_361' title='bbox 252 3480 343 3528; x_wconf 80' lang='lat' dir='ltr'>natust</span> <span class='ocrx_word' id='word_1_362' title='bbox 366 3478 548 3544; x_wconf 76' lang='lat' dir='ltr'>Manifestaoit</span> <span class='ocrx_word' id='word_1_363' title='bbox 560 3496 644 3528; x_wconf 70' lang='lat' dir='ltr'>demum</span> <span class='ocrx_word' id='word_1_364' title='bbox 655 3496 708 3528; x_wconf 77' lang='lat' dir='ltr'>erse</span> <span class='ocrx_word' id='word_1_365' title='bbox 720 3481 786 3544; x_wconf 77' lang='lat' dir='ltr'>quod</span> <span class='ocrx_word' id='word_1_366' title='bbox 797 3481 861 3530; x_wconf 76' lang='lat' dir='ltr'>dicit</span> <span class='ocrx_word' id='word_1_367' title='bbox 866 3499 875 3536; x_wconf 86' lang='lat'>,·</span> <span class='ocrx_word' id='word_1_368' title='bbox 880 3480 1034 3544; x_wconf 83' lang='lat' dir='ltr'>frequenter</span> <span class='ocrx_word' id='word_1_369' title='bbox 1046 3483 1180 3542; x_wconf 79' lang='lat' dir='ltr'>autequam</span> <span class='ocrx_word' id='word_1_370' title='bbox 1191 3479 1266 3537; x_wconf 80' lang='lat' dir='ltr'>dicit,</span> <span class='ocrx_word' id='word_1_371' title='bbox 1278 3479 1361 3528; x_wconf 69' lang='lat' dir='ltr'>adiici·</span> 
     </span>
     <span class='ocr_line' id='line_1_35' title="bbox 156 3563 1362 3629; baseline 0.001 -17"><span class='ocrx_word' id='word_1_372' title='bbox 156 3563 252 3625; x_wconf 79' lang='lat' dir='ltr'>pletur.</span> <span class='ocrx_word' id='word_1_373' title='bbox 273 3564 414 3614; x_wconf 75' lang='lat' dir='ltr'>Malediait</span> <span class='ocrx_word' id='word_1_374' title='bbox 422 3565 510 3629; x_wconf 80' lang='lat' dir='ltr'>fllium</span> <span class='ocrx_word' id='word_1_375' title='bbox 523 3570 649 3624; x_wconf 75' lang='lat' dir='ltr'>nostrum,</span> <span class='ocrx_word' id='word_1_376' title='bbox 666 3563 721 3629; x_wconf 88' lang='lat' dir='ltr'>[et]</span> <span class='ocrx_word' id='word_1_377' title='bbox 740 3570 852 3615; x_wconf 75' lang='lat' dir='ltr'>mortuus</span> <span class='ocrx_word' id='word_1_378' title='bbox 867 3572 912 3616; x_wconf 76' lang='lat' dir='ltr'>eat.</span> <span class='ocrx_word' id='word_1_379' title='bbox 943 3567 1013 3617; x_wconf 85' lang='lat' dir='ltr'>Uude</span> <span class='ocrx_word' id='word_1_380' title='bbox 1026 3568 1088 3616; x_wconf 78' lang='lat' dir='ltr'>tolla</span> <span class='ocrx_word' id='word_1_381' title='bbox 1104 3584 1158 3616; x_wconf 82' lang='lat' dir='ltr'>eum</span> <span class='ocrx_word' id='word_1_382' title='bbox 1176 3584 1193 3615; x_wconf 88' lang='lat' dir='ltr'>a</span> <span class='ocrx_word' id='word_1_383' title='bbox 1204 3567 1292 3616; x_wconf 75' lang='lat' dir='ltr'>uobis:</span> <span class='ocrx_word' id='word_1_384' title='bbox 1310 3582 1362 3615; x_wconf 72' lang='lat' dir='ltr'>noa</span> 
     </span>
     <span class='ocr_line' id='line_1_36' title="bbox 159 3649 1361 3711; baseline 0.003 -15"><span class='ocrx_word' id='word_1_385' title='bbox 159 3649 223 3696; x_wconf 84' lang='lat' dir='ltr'>euim</span> <span class='ocrx_word' id='word_1_386' title='bbox 237 3650 346 3711; x_wconf 78' lang='lat' dir='ltr'>potestis</span> <span class='ocrx_word' id='word_1_387' title='bbox 362 3651 404 3699; x_wconf 75' lang='lat' dir='ltr'>iic</span> <span class='ocrx_word' id='word_1_388' title='bbox 420 3650 537 3700; x_wconf 77' lang='lat' dir='ltr'>dubitare</span> <span class='ocrx_word' id='word_1_389' title='bbox 549 3652 689 3708; x_wconf 67' lang='lat' dir='ltr'>nobiscum</span> <span class='ocrx_word' id='word_1_390' title='bbox 708 3656 754 3701; x_wconf 86' lang='lat' dir='ltr'>aut</span> <span class='ocrx_word' id='word_1_391' title='bbox 766 3656 833 3700; x_wconf 80' lang='lat' dir='ltr'>certe</span> <span class='ocrx_word' id='word_1_392' title='bbox 844 3653 930 3701; x_wconf 79' lang='lat' dir='ltr'>docete</span> <span class='ocrx_word' id='word_1_393' title='bbox 947 3669 1001 3700; x_wconf 83' lang='lat' dir='ltr'>eum</span> <span class='ocrx_word' id='word_1_394' title='bbox 1013 3652 1157 3701; x_wconf 81' lang='lat' dir='ltr'>benedicere</span> <span class='ocrx_word' id='word_1_395' title='bbox 1173 3657 1198 3701; x_wconf 82' lang='lat' dir='ltr'>et</span> <span class='ocrx_word' id='word_1_396' title='bbox 1216 3667 1266 3701; x_wconf 76' lang='lat' dir='ltr'>uon</span> <span class='ocrx_word' id='word_1_397' title='bbox 1282 3651 1361 3700; x_wconf 70' lang='lat' dir='ltr'>mule·</span> 
     </span>
     <span class='ocr_line' id='line_1_37' title="bbox 157 3734 1361 3804; baseline 0.002 -23"><span class='ocrx_word' id='word_1_398' title='bbox 157 3734 250 3783; x_wconf 84' lang='lat' dir='ltr'>dicere.</span> <span class='ocrx_word' id='word_1_399' title='bbox 269 3737 400 3785; x_wconf 70' lang='lat' dir='ltr'>decedens</span> <span class='ocrx_word' id='word_1_400' title='bbox 411 3741 494 3785; x_wconf 82' lang='lat' dir='ltr'>autem</span> <span class='ocrx_word' id='word_1_401' title='bbox 503 3738 594 3800; x_wconf 73' lang='lat' dir='ltr'>Ioseph</span> <span class='ocrx_word' id='word_1_402' title='bbox 606 3738 640 3786; x_wconf 87' lang='lat' dir='ltr'>od</span> <span class='ocrx_word' id='word_1_403' title='bbox 653 3737 735 3786; x_wconf 71' lang='lat' dir='ltr'>Iesum</span> <span class='ocrx_word' id='word_1_404' title='bbox 747 3737 861 3787; x_wconf 75' lang='lat' dir='ltr'>euouebut</span> <span class='ocrx_word' id='word_1_405' title='bbox 872 3752 926 3786; x_wconf 78' lang='lat' dir='ltr'>eum</span> <span class='ocrx_word' id='word_1_406' title='bbox 937 3738 1038 3786; x_wconf 79' lang='lat' dir='ltr'>diceus:</span> <span class='ocrx_word' id='word_1_407' title='bbox 1061 3737 1095 3786; x_wconf 88' lang='lat' dir='ltr'>Ut</span> <span class='ocrx_word' id='word_1_408' title='bbox 1104 3739 1164 3802; x_wconf 82' lang='lat' dir='ltr'>quid</span> <span class='ocrx_word' id='word_1_409' title='bbox 1168 3738 1217 3804; x_wconf 80' lang='lat' dir='ltr'>fili</span> <span class='ocrx_word' id='word_1_410' title='bbox 1227 3737 1361 3786; x_wconf 82' lang='lat' dir='ltr'>mirabilia</span> 
     </span>
     <span class='ocr_line' id='line_1_38' title="bbox 149 3820 1360 3888; baseline 0.004 -21"><span class='ocrx_word' id='word_1_411' title='bbox 149 3820 241 3884; x_wconf 66' lang='lat' dir='ltr'>fiucid</span> <span class='ocrx_word' id='word_1_412' title='bbox 265 3820 321 3868; x_wconf 85' lang='lat' dir='ltr'>Iam</span> <span class='ocrx_word' id='word_1_413' title='bbox 339 3822 413 3871; x_wconf 78' lang='lat' dir='ltr'>omiti</span> <span class='ocrx_word' id='word_1_414' title='bbox 428 3827 486 3872; x_wconf 75' lang='lat' dir='ltr'>suut</span> <span class='ocrx_word' id='word_1_415' title='bbox 501 3828 592 3871; x_wconf 72' lang='lat' dir='ltr'>eonem</span> <span class='ocrx_word' id='word_1_416' title='bbox 607 3840 653 3872; x_wconf 78' lang='lat' dir='ltr'>uos</span> <span class='ocrx_word' id='word_1_417' title='bbox 665 3828 776 3888; x_wconf 81' lang='lat' dir='ltr'>propter</span> <span class='ocrx_word' id='word_1_418' title='bbox 793 3827 831 3881; x_wconf 83' lang='lat' dir='ltr'>te,</span> <span class='ocrx_word' id='word_1_419' title='bbox 850 3829 976 3873; x_wconf 78' lang='lat' dir='ltr'>eteorum</span> <span class='ocrx_word' id='word_1_420' title='bbox 987 3824 1116 3874; x_wconf 72' lang='lat' dir='ltr'>molestiae</span> <span class='ocrx_word' id='word_1_421' title='bbox 1128 3825 1286 3873; x_wconf 70' lang='lat' dir='ltr'>mstiuemue.</span> <span class='ocrx_word' id='word_1_422' title='bbox 1311 3823 1360 3872; x_wconf 82' lang='lat' dir='ltr'>Re·</span> 
     </span>
     <span class='ocr_line' id='line_1_39' title="bbox 157 3905 1361 3974; baseline 0.007 -24"><span class='ocrx_word' id='word_1_423' title='bbox 157 3905 260 3966; x_wconf 76' lang='lat' dir='ltr'>spondit</span> <span class='ocrx_word' id='word_1_424' title='bbox 272 3905 314 3953; x_wconf 85' lang='lat' dir='ltr'>illi</span> <span class='ocrx_word' id='word_1_425' title='bbox 326 3906 412 3955; x_wconf 76' lang='lat' dir='ltr'>Iesus:</span> <span class='ocrx_word' id='word_1_426' title='bbox 431 3907 608 3973; x_wconf 75' lang='lat' dir='ltr'>Nullusflliur</span> <span class='ocrx_word' id='word_1_427' title='bbox 619 3909 721 3969; x_wconf 70' lang='lat' dir='ltr'>sapiens</span> <span class='ocrx_word' id='word_1_428' title='bbox 733 3910 782 3958; x_wconf 69' lang='lat' dir='ltr'>uisi</span> <span class='ocrx_word' id='word_1_429' title='bbox 794 3925 864 3973; x_wconf 77' lang='lat' dir='ltr'>quem</span> <span class='ocrx_word' id='word_1_430' title='bbox 876 3910 1001 3959; x_wconf 56' lang='lat' dir='ltr'>audierit</span> <span class='ocrx_word' id='word_1_431' title='bbox 1009 3914 1087 3972; x_wconf 82' lang='lat' dir='ltr'>pater</span> <span class='ocrx_word' id='word_1_432' title='bbox 1098 3911 1160 3967; x_wconf 80' lang='lat' dir='ltr'>eius,</span> <span class='ocrx_word' id='word_1_433' title='bbox 1176 3914 1201 3959; x_wconf 88' lang='lat' dir='ltr'>et</span> <span class='ocrx_word' id='word_1_434' title='bbox 1213 3908 1361 3974; x_wconf 73' lang='lat' dir='ltr'>taliujiliru</span> 
     </span>
     <span class='ocr_line' id='line_1_40' title="bbox 158 3993 1359 4058; baseline 0.007 -22"><span class='ocrx_word' id='word_1_435' title='bbox 158 4005 206 4038; x_wconf 76' lang='lat' dir='ltr'>nou</span> <span class='ocrx_word' id='word_1_436' title='bbox 218 3995 291 4038; x_wconf 77' lang='lat' dir='ltr'>uocet</span> <span class='ocrx_word' id='word_1_437' title='bbox 302 3993 352 4039; x_wconf 77' lang='lat' dir='ltr'>nisi</span> <span class='ocrx_word' id='word_1_438' title='bbox 364 3994 430 4042; x_wconf 81' lang='lat' dir='ltr'>mule</span> <span class='ocrx_word' id='word_1_439' title='bbox 443 3994 581 4057; x_wconf 65' lang='lat' dir='ltr'>agentibus.</span> <span class='ocrx_word' id='word_1_440' title='bbox 608 3994 676 4043; x_wconf 68' lang='lat' dir='ltr'>duae</span> <span class='ocrx_word' id='word_1_441' title='bbox 689 3998 836 4058; x_wconf 67' lang='lat' dir='ltr'>eeuyreqati</span> <span class='ocrx_word' id='word_1_442' title='bbox 847 4000 906 4044; x_wconf 70' lang='lat' dir='ltr'>suut</span> <span class='ocrx_word' id='word_1_443' title='bbox 917 4011 1000 4044; x_wconf 76' lang='lat' dir='ltr'>omues</span> <span class='ocrx_word' id='word_1_444' title='bbox 1008 4000 1131 4058; x_wconf 74' lang='lat' dir='ltr'>par-cutes</span> <span class='ocrx_word' id='word_1_445' title='bbox 1142 3998 1236 4044; x_wconf 84' lang='lat' dir='ltr'>mortui</span> <span class='ocrx_word' id='word_1_446' title='bbox 1248 4000 1274 4044; x_wconf 88' lang='lat' dir='ltr'>et</span> <span class='ocrx_word' id='word_1_447' title='bbox 1286 4012 1359 4045; x_wconf 74' lang='lat' dir='ltr'>acea·</span> 
     </span>
     <span class='ocr_line' id='line_1_41' title="bbox 158 4075 1360 4144; baseline 0.005 -21"><span class='ocrx_word' id='word_1_448' title='bbox 158 4075 249 4124; x_wconf 80' lang='lat' dir='ltr'>subant</span> <span class='ocrx_word' id='word_1_449' title='bbox 267 4076 358 4130; x_wconf 66' lang='lat' dir='ltr'>lenum,</span> <span class='ocrx_word' id='word_1_450' title='bbox 382 4079 473 4143; x_wconf 76' lang='lat' dir='ltr'>Ioseph</span> <span class='ocrx_word' id='word_1_451' title='bbox 490 4082 645 4144; x_wconf 78' lang='lat' dir='ltr'>perterritus</span> <span class='ocrx_word' id='word_1_452' title='bbox 661 4085 698 4129; x_wconf 77' lang='lat' dir='ltr'>est</span> <span class='ocrx_word' id='word_1_453' title='bbox 716 4082 802 4138; x_wconf 63' lang='lat' dir='ltr'>uiuum,</span> <span class='ocrx_word' id='word_1_454' title='bbox 821 4082 909 4129; x_wconf 79' lang='lat' dir='ltr'>timeus</span> <span class='ocrx_word' id='word_1_455' title='bbox 927 4082 1061 4130; x_wconf 77' lang='lat' dir='ltr'>clamorem</span> <span class='ocrx_word' id='word_1_456' title='bbox 1077 4082 1210 4131; x_wconf 76' lang='lat' dir='ltr'>reditionis</span> <span class='ocrx_word' id='word_1_457' title='bbox 1222 4085 1360 4143; x_wconf 82' lang='lat' dir='ltr'>pareutum</span> 
     </span>
     <span class='ocr_line' id='line_1_42' title="bbox 158 4159 1360 4231; baseline 0.004 -21"><span class='ocrx_word' id='word_1_458' title='bbox 158 4163 250 4210; x_wconf 86' lang='lat' dir='ltr'>mortui</span> <span class='ocrx_word' id='word_1_459' title='bbox 256 4197 262 4219; x_wconf 86' lang='lat'><em>,</em></span> <span class='ocrx_word' id='word_1_460' title='bbox 283 4159 338 4226; x_wconf 85' lang='lat' dir='ltr'>[et]</span> <span class='ocrx_word' id='word_1_461' title='bbox 355 4163 422 4212; x_wconf 78' lang='lat' dir='ltr'>dixit</span> <span class='ocrx_word' id='word_1_462' title='bbox 438 4168 542 4213; x_wconf 72' lang='lat' dir='ltr'>sauctae</span> <span class='ocrx_word' id='word_1_463' title='bbox 559 4167 664 4215; x_wconf 70' lang='lat' dir='ltr'>Muciae</span> <span class='ocrx_word' id='word_1_464' title='bbox 679 4170 775 4216; x_wconf 72' lang='lat' dir='ltr'>secreto</span> <span class='ocrx_word' id='word_1_465' title='bbox 793 4183 920 4216; x_wconf 68' lang='lat' dir='ltr'>sermone:</span> <span class='ocrx_word' id='word_1_466' title='bbox 942 4166 1011 4216; x_wconf 83' lang='lat' dir='ltr'>Voca</span> <span class='ocrx_word' id='word_1_467' title='bbox 1029 4172 1056 4215; x_wconf 89' lang='lat' dir='ltr'>tu</span> <span class='ocrx_word' id='word_1_468' title='bbox 1074 4167 1160 4225; x_wconf 83' lang='lat' dir='ltr'>illum,</span> <span class='ocrx_word' id='word_1_469' title='bbox 1179 4168 1222 4215; x_wconf 85' lang='lat' dir='ltr'>die</span> <span class='ocrx_word' id='word_1_470' title='bbox 1237 4166 1282 4216; x_wconf 84' lang='lat' dir='ltr'>iili</span> <span class='ocrx_word' id='word_1_471' title='bbox 1299 4168 1360 4231; x_wconf 75' lang='lat' dir='ltr'>qaia</span> 
     </span>
     <span class='ocr_line' id='line_1_43' title="bbox 158 4247 1360 4317; baseline 0.007 -23"><span class='ocrx_word' id='word_1_472' title='bbox 158 4247 228 4295; x_wconf 78' lang='lat' dir='ltr'>nobis</span> <span class='ocrx_word' id='word_1_473' title='bbox 240 4248 362 4297; x_wconf 71' lang='lat' dir='ltr'>excitavit</span> <span class='ocrx_word' id='word_1_474' title='bbox 373 4249 457 4298; x_wconf 86' lang='lat' dir='ltr'>odium</span> <span class='ocrx_word' id='word_1_475' title='bbox 467 4251 566 4312; x_wconf 79' lang='lat' dir='ltr'>populi.</span> <span class='ocrx_word' id='word_1_476' title='bbox 593 4251 661 4300; x_wconf 68' lang='lat' dir='ltr'>iiiuc</span> <span class='ocrx_word' id='word_1_477' title='bbox 678 4256 760 4301; x_wconf 83' lang='lat' dir='ltr'>mater</span> <span class='ocrx_word' id='word_1_478' title='bbox 776 4253 830 4301; x_wconf 73' lang='lat' dir='ltr'>eius</span> <span class='ocrx_word' id='word_1_479' title='bbox 847 4253 956 4316; x_wconf 68' lang='lat' dir='ltr'>royadat</span> <span class='ocrx_word' id='word_1_480' title='bbox 972 4269 1026 4301; x_wconf 84' lang='lat' dir='ltr'>eum</span> <span class='ocrx_word' id='word_1_481' title='bbox 1037 4254 1135 4303; x_wconf 65' lang='lat' dir='ltr'>dmeus:</span> <span class='ocrx_word' id='word_1_482' title='bbox 1156 4254 1278 4310; x_wconf 81' lang='lat' dir='ltr'>Domine,</span> <span class='ocrx_word' id='word_1_483' title='bbox 1298 4253 1360 4317; x_wconf 81' lang='lat' dir='ltr'>quid</span> 
     </span>
     <span class='ocr_line' id='line_1_44' title="bbox 158 4333 1360 4403; baseline 0.008 -23"><span class='ocrx_word' id='word_1_484' title='bbox 158 4333 205 4382; x_wconf 79' lang='lat' dir='ltr'>iste</span> <span class='ocrx_word' id='word_1_485' title='bbox 218 4348 285 4395; x_wconf 83' lang='lat' dir='ltr'>puer</span> <span class='ocrx_word' id='word_1_486' title='bbox 296 4334 366 4397; x_wconf 81' lang='lat' dir='ltr'>fecit</span> <span class='ocrx_word' id='word_1_487' title='bbox 383 4339 411 4384; x_wconf 90' lang='lat' dir='ltr'>ut</span> <span class='ocrx_word' id='word_1_488' title='bbox 428 4336 570 4385; x_wconf 74' lang='lat' dir='ltr'>moriatur?</span> <span class='ocrx_word' id='word_1_489' title='bbox 593 4339 631 4386; x_wconf 84' lang='lat' dir='ltr'>At</span> <span class='ocrx_word' id='word_1_490' title='bbox 649 4337 695 4387; x_wconf 81' lang='lat' dir='ltr'>iile</span> <span class='ocrx_word' id='word_1_491' title='bbox 710 4339 778 4387; x_wconf 68' lang='lat' dir='ltr'>dixit</span> <span class='ocrx_word' id='word_1_492' title='bbox 796 4339 833 4386; x_wconf 75' lang='lat' dir='ltr'>eir</span> <span class='ocrx_word' id='word_1_493' title='bbox 851 4339 952 4402; x_wconf 73' lang='lat' dir='ltr'>Diyuus</span> <span class='ocrx_word' id='word_1_494' title='bbox 968 4343 1026 4388; x_wconf 81' lang='lat' dir='ltr'>erat</span> <span class='ocrx_word' id='word_1_495' title='bbox 1038 4344 1129 4397; x_wconf 80' lang='lat' dir='ltr'>morte,</span> <span class='ocrx_word' id='word_1_496' title='bbox 1149 4340 1209 4403; x_wconf 83' lang='lat' dir='ltr'>quia</span> <span class='ocrx_word' id='word_1_497' title='bbox 1220 4339 1360 4403; x_wconf 70' lang='lat' dir='ltr'>dissipavit</span> 
     </span>
     <span class='ocr_line' id='line_1_45' title="bbox 157 4420 1106 4489; baseline 0.008 -24"><span class='ocrx_word' id='word_1_498' title='bbox 157 4432 236 4481; x_wconf 77' lang='lat' dir='ltr'>opero</span> <span class='ocrx_word' id='word_1_499' title='bbox 248 4434 312 4481; x_wconf 78' lang='lat' dir='ltr'>quae</span> <span class='ocrx_word' id='word_1_500' title='bbox 323 4420 480 4484; x_wconf 67' lang='lat' dir='ltr'>eqosuerum</span> <span class='ocrx_word' id='word_1_501' title='bbox 492 4425 620 4484; x_wconf 76' lang='lat' dir='ltr'>operatus.</span> <span class='ocrx_word' id='word_1_502' title='bbox 646 4420 686 4472; x_wconf 79' lang='lat' dir='ltr'>cf.</span> <span class='ocrx_word' id='word_1_503' title='bbox 700 4424 765 4474; x_wconf 75' lang='lat' dir='ltr'>haec</span> <span class='ocrx_word' id='word_1_504' title='bbox 779 4424 860 4474; x_wconf 81' lang='lat' dir='ltr'>etiam</span> <span class='ocrx_word' id='word_1_505' title='bbox 873 4424 907 4475; x_wconf 76' lang='lat' dir='ltr'>ad</span> <span class='ocrx_word' id='word_1_506' title='bbox 920 4429 1001 4489; x_wconf 76' lang='lat' dir='ltr'>caput</span> <span class='ocrx_word' id='word_1_507' title='bbox 1014 4423 1106 4474; x_wconf 77' lang='lat' dir='ltr'>xxtx.</span> 
     </span>
    </p>
   </div>
   <div class='ocr_carea' id='block_1_4' title="bbox 0 0 1486 4912">
    <p class='ocr_par' dir='ltr' id='par_1_5' title="bbox 0 0 1486 4912">
     <span class='ocr_line' id='line_1_46' title="bbox 0 0 1486 4912; baseline 0 2"><span class='ocrx_word' id='word_1_508' title='bbox 0 0 1486 4912; x_wconf 95' lang='lat' dir='ltr'> </span> 
     </span>
    </p>
   </div>
  </div>
 </body>
</html>
