2962 4912
528 324 697 374 vnomcm
716 319 941 372 snnvnronm.
1270 312 1333 376 485

139 484 249 544 sutem
272 476 450 541 vendamus
473 497 513 540 ex
536 477 583 540 eis
607 474 744 559 triginta
767 495 826 557 pro
850 493 916 539 uno
939 477 1105 556 argenteo.
1149 469 1196 533 Et
1217 470 1265 534 ita
1287 467 1333 532 fe-

138 584 260 644 cerunt.
305 578 351 642 Et
374 577 663 661 apprehenderunt
680 577 827 642 Pilatum
850 583 884 642 et
906 575 1113 641 tradiderunt
1135 573 1227 638 illum
1245 571 1334 653 mihi,

138 688 170 746 et
199 701 259 763 ego
286 680 380 745 illum
407 681 505 763 posui
532 681 566 745 in
593 700 725 745 oaroere
749 678 791 743 sd
814 677 1065 743 custodiendum
1088 681 1231 760 quatuor
1253 696 1334 757 qua·

137 786 344 851 ternionibus
370 786 511 850 militum
533 786 567 849 in
589 784 765 851 Damasco.
810 783 838 824 ³²
860 782 944 848 Inde
966 783 1126 847 miserunt
1148 779 1335 865 inquisitio·

136 913 212 956 nem
244 911 317 955 oum
348 911 469 972 magna
500 889 672 972 diligentia
703 889 745 954 ad
775 888 1009 973 inquirendum
1040 887 1167 953 vultum
1195 883 1334 952 domini:

138 1000 172 1059 et
198 995 394 1058 invenerunt
423 993 592 1058 mulierem
620 994 751 1058 nomine
775 992 977 1062 Veronicam
1005 991 1181 1057 habentem
1210 989 1335 1056 vultum

138 1095 269 1161 domini.
327 1095 354 1134 ³³
381 1095 474 1161 Tunc
510 1094 663 1161 Tiberius
699 1097 878 1179 imperator
916 1094 1000 1159 dixit
1029 1093 1209 1160 Velosiano
1248 1093 1336 1177 Quo·

138 1197 233 1263 modo
264 1197 357 1262 illum
388 1197 513 1263 hebes?
563 1197 629 1283 Qui
660 1198 830 1281 respondit
860 1196 980 1262 Habeo
1010 1195 1105 1262 illum
1134 1197 1169 1260 in
1200 1195 1335 1260 sindone

138 1302 259 1368 munda
286 1323 388 1368 aurea
417 1303 599 1368 involutum
630 1302 739 1385 pallio.
787 1302 884 1366 Dixit
915 1308 1027 1367 autem
1054 1296 1208 1366 Tiberius
1236 1301 1336 1383 impe·

138 1413 232 1470 rator
257 1404 334 1472 Duo
362 1427 436 1471 eum
463 1405 505 1470 ad
532 1427 583 1470 me
611 1410 645 1470 et
670 1404 776 1487 pande
806 1410 884 1469 ante
910 1404 1029 1468 faciem
1057 1424 1180 1484 meam,
1211 1409 1248 1468 ut
1275 1423 1335 1485 ego

137 1507 313 1591 procidens
341 1508 376 1572 in
404 1514 530 1575 terram
553 1514 586 1573 et
608 1529 716 1592 genua
737 1506 873 1572 flectens
896 1506 1030 1572 adorem
1053 1528 1128 1571 eum
1151 1527 1249 1588 snper
1271 1511 1335 1570 ter·

138 1635 218 1678 ram.
263 1610 356 1677 Tunc
384 1612 583 1680 Velosianus
612 1612 770 1696 expandit
797 1611 933 1694 pallium
965 1632 1060 1676 sunm
1091 1633 1165 1676 oum
1197 1610 1336 1676 sindone

137 1738 252 1798 aurea,
283 1717 341 1782 ubi
370 1723 441 1782 erat
468 1719 578 1783 vultus
606 1717 729 1783 domini
757 1716 986 1799 consignatus:
1018 1721 1052 1780 et
1072 1715 1156 1780 vidit
1184 1736 1259 1780 eum
1280 1713 1335 1780 Ti·

136 1819 248 1884 berius
271 1820 460 1901 imperator.
506 1820 572 1904 Qui
595 1821 710 1886 statim
732 1819 881 1885 adoravit
902 1819 1080 1902 imaginem
1104 1818 1228 1883 domini
1253 1840 1335 1902 puro

137 1925 247 2007 corde,
276 1931 310 1989 et
332 1925 489 1990 mundata
512 1931 562 1991 est
584 1926 653 1991 eius
676 1946 754 1991 earo
779 1925 864 1989 siout
887 1945 964 1990 caro
988 1924 1082 2008 pueri
1105 1924 1245 2007 parvuli.
1288 1924 1335 1989 Et

137 2051 249 2095 omnes
281 2031 371 2096 caeci
400 2031 522 2113 leprosi
554 2030 663 2095 claudi
691 2030 774 2094 muti
801 2030 892 2095 surdi
921 2035 955 2096 et
981 2029 1084 2096 variis
1111 2029 1236 2095 detenti
1266 2029 1335 2095 lan·

136 2135 306 2219 guoribus,
335 2136 391 2219 qui
419 2135 466 2200 ibi
490 2136 642 2220 aderant,
672 2136 890 2220 sanabantur,
919 2142 953 2202 et
975 2136 1082 2202 curati
1105 2157 1143 2202 ao
1166 2134 1335 2201 emundati

138 2247 223 2305 sunt.
268 2240 295 2281 ³⁴
316 2240 470 2306 Tiberius
493 2246 603 2307 autem
625 2242 807 2325 imperator
829 2240 987 2307 inclinato
1011 2241 1120 2325 eapite
1143 2246 1177 2306 et
1200 2239 1335 2305 flectens

137 2367 259 2427 genua,
285 2344 497 2411 considerans
519 2347 613 2411 illum
637 2368 820 2412 sermonem
842 2346 967 2411 Beatus
988 2349 1103 2412 venter
1126 2345 1183 2429 qui
1205 2350 1240 2409 te
1262 2365 1336 2426 por·

137 2448 223 2512 tavit
252 2454 285 2512 et
310 2447 413 2513 ubera
436 2470 520 2533 quae
544 2450 676 2530 suxisti,
704 2450 865 2531 ingemuit
887 2448 930 2515 ad
953 2449 1120 2515 dominum
1143 2471 1217 2514 enm
1240 2448 1336 2515 lacri-

137 2549 199 2613 mis
228 2549 340 2614 dioens
362 2549 456 2615 Deus
484 2551 565 2616 coeli
594 2557 631 2616 et
657 2557 781 2634 terrae,
811 2572 877 2615 non
909 2573 960 2617 me
991 2553 1163 2634 permittas
1190 2573 1336 2636 peecare,

138 2652 195 2717 sed
228 2651 386 2717 confirma
417 2654 560 2718 animam
591 2674 698 2719 meam
730 2659 763 2720 et
795 2674 913 2735 corpus
943 2674 1051 2718 meum
1083 2661 1117 2720 et
1147 2655 1277 2720 colloca
1301 2655 1336 2720 in

137 2776 238 2839 regno
263 2761 336 2838 tuo,
363 2756 442 2838 quia
470 2756 505 2820 in
527 2756 658 2821 nomine
682 2762 749 2821 tuo·
763 2754 891 2821 conlido
914 2777 1059 2840 semper3
1091 2756 1197 2823 libera
1219 2779 1271 2822 me
1294 2758 1335 2822 ab

138 2857 289 2922 omnibus
316 2856 413 2922 malis
442 2859 528 2923 siout
554 2858 704 2923 liberasti
727 2862 797 2923 tres
820 2878 939 2939 pueros
962 2855 1002 2924 de
1025 2858 1153 2925 camino
1176 2860 1263 2944 ignis
1286 2881 1336 2925 ar·

138 2961 254 3025 dentis.

144 3115 353 3125 a———Q—

223 3211 264 3257 32.
291 3209 389 3257 Rursus
401 3208 557 3258 brevissime
569 3205 648 3257 ASox
661 3211 746 3274 Atque
759 3214 899 3273 praeterea
910 3208 1048 3260 iamim
1058 3209 1188 3260 malimm
1199 3210 1242 3270 ibi,
1262 3226 1336 3276 mom

138 3294 255 3344 dixerunt
273 3295 368 3344 domini
377 3296 477 3360 sociem
494 3295 593 3345 dodae.

224 3392 266 3440 33.
296 3387 374 3440 ASax
392 3391 450 3439 Iam
468 3391 600 3441 attulimus
617 3392 677 3449 doe,
700 3391 795 3456 inquit,
818 3395 843 3441 et
862 3392 990 3442 mutierem
1007 3398 1032 3443 et
1041 3393 1150 3459 sociem.
1191 3391 1250 3441 Item
1268 3393 1356 3443 dixit'

142 3477 256 3528 liberior
278 3478 438 3528 Vehementer
454 3479 630 3529 deciderodam
647 3479 733 3528 ridere
751 3495 805 3529 eom
822 3485 847 3529 et
865 3480 977 3530 adorare
997 3496 1061 3530 eam.
1101 3480 1161 3530 nim
1183 3479 1337 3530 Volusianus

139 3569 252 3616 surrexit
273 3572 299 3616 et
321 3567 461 3631 explicavit
479 3583 636 3633 purpuream
659 3568 787 3617 sidonem
811 3571 837 3617 in
856 3583 906 3633 quo
923 3568 1018 3617 domini
1033 3569 1122 3633 saciet
1138 3569 1254 3618 involuta
1270 3573 1336 3622 erat.

139 3653 179 3701 nt
195 3652 309 3701 ulterius
325 3653 391 3702 vidit
400 3653 500 3717 sudem
517 3656 543 3701 et
560 3652 789 3703 existimantem
806 3669 859 3703 eaeo
876 3653 971 3702 domiui
980 3653 1088 3718 sociem.
1128 3654 1221 3704 Tomos
1237 3656 1336 3706 minim

140 3744 209 3798 erat,
234 3741 278 3788 sed
302 3743 379 3789 vestio
401 3746 458 3790 erat
476 3756 549 3806 quam
567 3740 682 3790 dominae
703 3741 757 3803 ipso
775 3743 939 3804 portaverat.
977 3741 1028 3790 Sed
1047 3744 1184 3806 quinisque
1203 3743 1336 3806 pontidium

137 3825 248 3885 prienam
266 3829 427 3888 aspexerunt,
440 3823 570 3886 pietatm
583 3840 635 3873 aare
646 3825 742 3874 domiai
751 3825 860 3888 sociem.
885 3826 924 3876 Et
937 3824 1052 3875 libertus
1063 3825 1192 3875 humiliter
1203 3829 1337 3878 umatus

139 3917 251 3970 edeam,
269 3918 295 3962 et
306 3911 381 3975 lepra
393 3928 466 3976 quom
480 3917 531 3962 tom
543 3913 589 3962 diu
606 3913 731 3963 macrae
749 3912 820 3963 illico
832 3913 928 3963 decidit
946 3913 977 3962 ao
995 3929 1032 3973 eo,
1051 3916 1076 3963 ot
1094 3929 1186 3979 corpur
1203 3915 1257 3964 etas
1267 3930 1335 3964 mm·

139 3997 198 4045 dum
215 4000 274 4046 erat
291 3999 358 4046 deut
370 3996 476 4059 paruuli
490 3998 576 4060 pueri.

227 4085 252 4130 ta
270 4083 374 4131 sindone
395 4082 488 4130 mundo
509 4098 590 4142 wod
612 4082 751 4133 involutam
770 4082 870 4148 pallio.-
897 4083 955 4134 Ven
979 4084 1007 4133 ia
1023 4085 1127 4135 thedone
1144 4085 1237 4134 manda
1255 4101 1336 4135 aaron

141 4167 258 4232 conpolio
277 4171 391 4230 σφαγίῳ·
409 4165 478 4216 Amb
496 4168 523 4217 in
540 4169 644 4219 sindone
661 4169 755 4218 mando
771 4168 911 4219 novatam
924 4169 1011 4232 pallio

225 4264 267 4313 34.
286 4260 329 4310 35.
360 4260 505 4325 Utramque
524 4263 671 4313 sectionem
689 4259 767 4312 ΑΒΜ
785 4263 905 4313 brevitor
923 4265 961 4314 sie
980 4265 1105 4329 exprimit
1123 4265 1161 4315 Et
1177 4267 1264 4315 atatim
1283 4282 1336 4315 ora·

141 4346 209 4394 didit
226 4352 250 4395 et
268 4345 411 4408 baptizatus
428 4349 466 4394 out
484 4362 538 4395 eum
556 4351 611 4397 toto
627 4363 675 4397 aaa
686 4348 758 4396 domo
775 4352 802 4397 et
818 4349 885 4397 omni
898 4349 1005 4413 popolo,
1024 4349 1067 4414 qai
1084 4353 1142 4399 erat
1157 4349 1281 4400 sabucea«
1292 4350 1336 4399 im·

116 4483 123 4498 ⁸
140 4432 214 4494 perio
232 4433 293 4491 eiu,
311 4435 338 4482 in
355 4433 452 4481 nomine
470 4436 553 4484 neutri
569 4433 665 4484 domini
683 4434 741 4484 Im
759 4434 863 4485 Christi.
1123 4468 1131 4497 Ι
