2962 4912
592 303 865 357 PBOLEGOMENA.
1288 322 1334 367 nv

225 459 251 540 2)
272 452 371 519 Prior
393 475 472 537 pars
494 456 530 521 in
552 455 697 537 antiquis
720 424 888 521 codicibus
911 455 1051 537 graecis,
1072 455 1154 521 item
1176 456 1211 522 in
1233 463 1333 540 copto

161 573 328 650 interprete,
355 587 453 631 suum
476 566 641 649 quendam
667 566 765 631 finem
792 566 894 632 habet
914 586 981 649 quo
1008 566 1156 633 libellum
1180 567 1333 634 concludi

160 683 279 765 apparet.
327 675 423 762 Quae
451 677 599 743 clausula
626 676 761 743 'Philoni
788 678 823 742 in
851 678 978 744 duobus
1005 682 1137 744 tantum
1165 678 1333 745 codicibus

158 791 260 878 graecis
282 790 419 854 inventa
441 810 508 855 non
531 795 620 854 recte
642 790 713 854 visa
736 795 787 855 sst
808 790 850 855 ab
873 790 1028 873 imperito
1051 789 1187 855 librario
1203 789 1334 855 adiecta

156 924 216 970 esse.
254 900 309 967 Do
337 907 414 967 octo
442 901 531 966 enim
559 900 726 969 codicibus
748 902 872 966 nostris
895 902 953 984 qui
975 902 1010 967 in
1033 921 1167 968 censum
1188 903 1333 986 veniunt,

154 1023 203 1079 tres
221 1013 334 1095 paullo
358 1018 436 1078 ants
459 1011 624 1094 deficiunt,
646 1012 766 1095 reliqui
789 1033 867 1078 roro
886 1013 1033 1094 quinque
1056 1032 1179 1095 omnes,
1201 1013 1334 1096 quibus·

151 1145 207 1190 cnm
232 1102 330 1189 testis
358 1130 476 1207 coptus
504 1125 682 1206 consentit,
714 1145 786 1191 eam
814 1123 995 1190 clausulam
1021 1124 1155 1191 habent.
1203 1123 1334 1191 Rursus

99 1319 102 1326 Ι
149 1255 210 1301 vero
237 1234 336 1300 lstini
364 1236 494 1302 codices
517 1256 601 1319 quos
628 1236 774 1318 priorem
801 1239 931 1318 partem
954 1256 1023 1300 non
1044 1236 1114 1301 sins
1138 1235 1245 1302 altera
1266 1241 1334 1302 tra·

147 1347 210 1412 dere
231 1346 391 1430 vidimus,
413 1347 499 1413 hanc
522 1347 704 1413 clausulam
726 1368 879 1430 graecam
901 1347 1025 1430 partim
1046 1345 1144 1429 plane
1166 1349 1334 1430 omittunt,

145 1457 254 1542 partim
267 1459 289 1541 ¹)
321 1459 437 1542 paucis
467 1459 629 1525 similibus
659 1459 856 1541 exprimunt.
907 1456 982 1543 Qua
1009 1478 1084 1522 cum
1111 1477 1147 1524 rs
1179 1459 1335 1526 cohaeret

145 1569 220 1652 qood
242 1570 416 1635 exordium
437 1570 600 1637 secundas
618 1570 725 1654 partis
740 1569 1016 1652 quemadmodum
1030 1589 1052 1634 a
1065 1569 1179 1634 latinis
1195 1571 1334 1637 testibus

144 1680 277 1746 traditur
300 1682 380 1746 satis
404 1682 515 1749 differt
537 1704 557 1746 a
580 1703 698 1765 graeco
722 1687 850 1769 textu„

217 1812 250 1892 3)
279 1809 398 1893 Ipsum
420 1812 558 1877 alterius
580 1810 686 1894 partis
710 1814 956 1892 argumentum,
984 1807 1113 1890 dequo
1136 1813 1214 1891 post
1236 1829 1335 1891 expo·
1406 1856 1411 1864 .

146 1941 262 2002 nemus,
290 1942 351 2004 per
373 1943 408 1988 se
430 1928 511 2004 stat,
539 1922 688 2005 quamvis
711 1920 816 2004 priori
842 1941 910 1986 non
937 1941 1074 2004 prorsus
1101 1920 1334 1986 inconveniens

148 2034 188 2097 sit
230 2031 401 2099 Sermonis
422 2052 556 2116 quoque
584 2034 697 2117 graeci
724 2038 758 2098 et
784 2032 854 2096 stili
879 2033 915 2097 in
943 2037 1085 2114 utroque
1108 2031 1221 2113 aliqua
1243 2030 1335 2097 diffs-

148 2143 242 2208 rentia
272 2146 452 2228 conspicua
483 2150 542 2210 est.
593 2142 738 2209 Accedit
768 2143 857 2225 quod
888 2147 1000 2208 textus
1031 2143 1066 2206 in
1096 2143 1208 2225 priore
1239 2148 1335 2225 parto

150 2256 252 2320 nirum
276 2256 311 2320 in
334 2256 468 2321 modum
488 2254 643 2336 fluctuat,
670 2256 704 2319 in
726 2254 913 2337 posteriore
934 2253 1079 2336 quadam
1103 2255 1235 2319 testium
1257 2274 1335 2319 eon·

151 2368 284 2434 sessione
307 2368 423 2432 utitur.

217 2498 250 2577 4)
281 2496 520 2562 Memorabiles
550 2495 703 2578 inprimis
732 2493 797 2558 duo
829 2492 893 2559 loci
926 2497 1017 2575 sunt,
1046 2491 1098 2557 vel
1128 2492 1240 2574 potins
1268 2492 1334 2558 duo

152 2609 281 2673 locorum
312 2608 519 2691 geminorum
549 2608 662 2690 paria:
697 2606 794 2671 alteri
825 2605 948 2689 prioris
979 2604 1085 2687 partis
1116 2607 1207 2683 sunt,
1238 2601 1335 2668 alts'ri

152 2719 342 2802 posterioris3
366 2719 462 2784 alteri
484 2719 585 2784 verba
606 2717 747 2782 latronis
769 2717 805 2781 in
828 2737 924 2781 cruce
947 2715 1147 2798 alloquentis
1165 2714 1335 2780 dominum

152 2829 280 2912 uadunt,
302 2830 401 2895 alteri
423 2830 465 2895 ad
484 2851 578 2895 nsum
592 2830 768 2894 verborum
784 2826 911 2894 Christi
933 2831 1085 2909 spectant
1106 2826 1142 2890 in
1165 2825 1335 2908 evangelio

151 2939 242 3006 llarci
265 2940 366 3022 XVI,
392 2944 439 3007 16.
461 2940 714 3024 adscriptorum
758 2938 872 3005 Verba
895 2938 982 3003 enim
1003 2936 1144 3002 latronis
1171 2936 1253 3000 Gerr.
1270 2937 1334 3000 Pil.

147 3055 227 3138 pail
249 3053 360 3136 capite
383 3052 442 3134 X,
471 3053 586 3118 eodem
608 3052 678 3117 fere
701 3050 799 3117 modo
823 3070 889 3133 quo
914 3048 1001 3133 apud
1022 3048 1163 3129 Lucam,
1186 3047 1234 3111 sic
1258 3047 1336 3112 scri-

147 3163 254 3230 nourr
268 3164 451 3249 l‘lpeiodarl
473 3188 545 3247 μου,
569 3164 664 3247 κύριε,
689 3163 751 3244 (ita
768 3177 790 3226 A
809 3175 890 3234 Εἰιιις
910 3172 955 3223 Bc
973 3164 1007 3226 ct
1029 3160 1100 3225 laet.
1116 3164 1184 3249 tres
1209 3158 1336 3223 addunt

146 3274 215 3360 ὄταμ
238 3276 363 3358 ἔλθῌσ)
388 3278 424 3359 ἐμ
448 3270 490 3356 τῇ
513 3278 669 3356 Βασιλείᾳ
692 3298 765 3338 σου.
793 3273 921 3341 Contra
936 3275 1079 3337 Decem.
1098 3271 1171 3336 Cirr.
1188 3273 1231 3334 ad
1244 3274 1334 3354 infer.

144 3408 201 3471 cap.
224 3387 270 3452 X
298 3388 348 3451 ila
370 3387 494 3453 habent
516 3385 632 3471 Κύριε,
661 3385 721 3450 ὅτε
744 3385 977 3458 accensiores,
1001 3382 1043 3466 pul
1068 3406 1131 3466 μου
1154 3380 1334 3445 ἑωιλάθου.

142 3498 229 3565 Haec
252 3499 414 3565 eiusmodi
438 3502 515 3562 sunt
536 3504 574 3562 ut
597 3503 736 3580 uterque
764 3502 875 3562 textus
899 3495 941 3560 ab
964 3494 1080 3560 eodem
1102 3498 1238 3558 auctore
1259 3513 1335 3575 pro·

140 3592 238 3677 foelus
261 3632 334 3676 esse
356 3616 509 3693 nequeat.
547 3609 663 3692 Atque
686 3608 801 3673 eadem
824 3608 911 3672 ratio
935 3611 986 3672 est
1008 3606 1158 3671 locorum
1177 3604 1259 3669 Gerr.
1271 3605 1334 3669 Pil.
1361 3673 1363 3677 ,

136 3746 179 3809 pr.
200 3726 232 3790 A
259 3721 366 3805 XVI,
392 3726 417 3787 l.
440 3727 474 3788 st
496 3723 640 3786 Dorceus.
668 3720 741 3786 Gur.
764 3723 808 3785 ad
832 3723 921 3804 insen
944 3717 1049 3800 11,2.
1098 3713 1217 3781 Priore
1248 3715 1336 3780 onim

138 3834 204 3900 loco
228 3833 383 3901 Christus
406 3833 446 3899 ds
474 3839 587 3899 monte
617 3831 660 3897 ad
687 3830 796 3897 coelos
824 3850 1020 3895 ascensurus
1044 3827 1214 3912 discipulis
1240 3847 1335 3910 prae·

138 3947 213 4029 cipit
234 3945 285 4010 'O
307 3945 507 4010 ωιστεύσασ
536 3949 585 4007 καὶ
610 3943 817 4006 Βαωτισθεῐσ
841 3941 1054 4016 σωθήσεται,
1085 3939 1164 4004 ὅδὲ
1186 3938 1336 4003 &mems-

138 4081 203 4121 σασ
232 4054 522 4141 κατακριθύσεται,
552 4053 829 4138 quemadmodum
857 4053 940 4118 haec
962 4050 1090 4116 Christi
1111 4050 1212 4116 verbs
1235 4050 1336 4114 etiam

138 4169 221 4253 apud
245 4167 418 4251 (Pseudo)
447 4168 602 4233 Marcum
632 4166 796 4250 leguntur.
839 4161 1033 4230 Posteriore
1065 4161 1138 4227 loco
1170 4158 1336 4226 Iohannes

139 4311 349 4322 -—-—-

218 4387 241 4451 1)
260 4386 329 4438 vide
349 4387 454 4438 codices
473 4391 582 4437 nostros
600 4384 668 4435 ABG
688 4400 750 4450 psg.
763 4341 822 4435 ³6d.
