3000 4912
356 297 592 348 avnnonmun
609 296 756 348 raonis
776 297 945 348 nmmum
972 298 1049 349 ιιιιι.
1242 295 1303 358 177

100 471 165 533 ego
182 454 298 514 autem
315 447 427 512 dicam
444 447 509 512 tibi
526 446 769 512 fortitudinem
787 448 829 512 de
840 448 872 512 b.
897 445 996 511 Tunc
1012 447 1127 513 furore
1145 446 1301 531 repletus

101 553 271 636 magister
293 552 368 616 eius
389 552 566 635 percussit
586 572 664 615 eum
688 552 724 616 in
750 551 874 634 capite.
920 550 1022 615 Iesus
1047 556 1165 616 autem
1189 551 1300 616 iratus

101 654 285 720 maledixit
301 675 389 735 eum,
411 660 446 718 et
463 652 579 719 subito
597 654 726 720 cecidit
742 660 777 720 et
792 660 949 720 mortuus
967 661 1030 720 est.

188 756 321 821 ³Iesus
353 761 469 820 autem
494 775 674 838 regressus
706 761 760 822 est
789 757 825 821 in
852 755 988 821 domum
1014 778 1121 822 suam.
1170 756 1301 841 Ioseph

100 880 181 925 vero
198 858 374 942 disposuit
388 857 432 923 ad
442 858 591 923 Mariam
607 867 751 925 matrem
769 860 855 940 eius,
873 867 996 924 utnon
1014 859 1207 925 dimitteret
1223 882 1301 926 eum

101 961 223 1045 egredi
240 961 282 1026 de
300 962 389 1028 atrio
405 962 527 1027 domus
548 984 642 1028 suae.

210 1153 303 1204 Cesar
321 1154 396 1205 XIII.
433 1153 607 1213 QUOMODO
626 1154 710 1205 ALIO
729 1154 909 1204 Mndlsrao
928 1155 1101 1205 TRADITUS
1121 1155 1192 1204 EST.

189 1290 198 1322 ¹
215 1288 302 1353 Post
317 1286 444 1352 multos
462 1287 549 1352 alios
566 1286 641 1352 dies
656 1288 753 1352 venit
768 1287 858 1352 alius
870 1287 998 1369 doctor,
1016 1289 1148 1352 amicus
1159 1287 1299 1371 Ioseph,

100 1397 138 1457 et
153 1390 244 1456 dixit
258 1391 302 1456 ad
319 1412 411 1456 eum:
437 1389 551 1455 Trade
569 1411 648 1455 eum
664 1390 759 1471 mihi,
777 1397 812 1455 et
829 1411 891 1474 ego
910 1411 987 1455 cum
1003 1391 1113 1455 multa
1130 1391 1300 1456 suavitate

102 1493 237 1560 docebo
258 1515 336 1560 eum
357 1495 505 1559 litteras.
535 1493 584 1558 Et
606 1493 694 1558 dixit
714 1494 757 1558 ad
781 1515 860 1559 eum
875 1493 1019 1577 Ioseph:
1052 1492 1090 1560 Si
1109 1495 1300 1577 praevales,
1339 1515 1341 1521 ·

101 1598 224 1681 accipe
241 1619 319 1663 eum
335 1597 379 1663 ad
396 1597 704 1680 disciplinandum.
740 1596 823 1662 Fiat
839 1618 916 1662 cum
933 1597 1071 1682 gaudio.
1102 1597 1189 1664 Oum
1206 1618 1302 1663 acce·

100 1703 216 1786 pisset
237 1722 316 1766 eum
337 1701 473 1782 doctor,
494 1700 569 1766 ibat
589 1723 666 1765 cum
687 1701 809 1766 timore
833 1705 869 1766 et
887 1722 1012 1784 magna
1034 1703 1245 1783 constantia,
1268 1707 1304 1767 et

103 1803 257 1869 habebat
277 1826 356 1870 eum
373 1825 449 1869 cum
470 1804 696 1870 exultatione.
742 1804 817 1868 'Et
838 1825 915 1869 eum
931 1806 1084 1870 venisset
1105 1804 1149 1870 ad
1167 1805 1304 1871 domum

102 1906 268 1988 doctoris,
285 1908 419 1972 invenit
433 1906 562 1972 librum
581 1907 618 1971 in
635 1907 757 1974 eodem
768 1907 844 1972 loco
862 1907 1044 1989 iacentem,
1063 1914 1098 1973 et
1113 1910 1306 1993 apprehen-

105 2009 157 2075 dit
177 2031 255 2074 eum
277 2014 312 2074 et
333 2010 485 2093 aperuit,
512 2014 547 2073 et
567 2030 636 2074 non
658 2008 798 2094 legebat
819 2030 969 2092 eaquae
993 2011 1124 2093 scripta
1146 2021 1245 2078 erant
1267 2014 1304 2080 in

103 2112 211 2194 libro,
237 2111 298 2176 sed
319 2112 503 2194 aperiebat
524 2134 679 2177 ossuum
700 2116 735 2176 et
751 2112 961 2194 loquebatur
980 2113 1022 2177 de
1039 2115 1165 2197 spiritu
1183 2124 1303 2183 sancto

106 2222 141 2282 et
157 2214 306 2281 docebat
327 2213 449 2297 legem.
485 2213 616 2280 Omnes
632 2235 712 2280 vero
730 2216 790 2297 qui
811 2214 941 2279 ibidem
959 2215 1099 2281 stabant
1115 2217 1305 2301 diligenter

104 2340 184 2384 eum
200 2318 405 2399 audiebant,
428 2323 464 2382 et
479 2318 645 2401 magister
663 2317 724 2383 ille
746 2319 844 2383 iuxta
865 2318 964 2383 illum
982 2318 1127 2385 sedebat
1143 2325 1179 2385 et
1194 2320 1305 2386 liben-

105 2429 159 2489 ter
182 2443 260 2488 eum
281 2422 458 2504 audiebat,
486 2428 521 2487 et
543 2421 799 2505 deprecabatur
819 2442 897 2487 eum
919 2429 957 2486 ut
976 2422 1126 2506 amplius
1150 2422 1302 2489 doceret.

106 2523 194 2592 Oum
211 2526 360 2592 collecta
375 2527 502 2592 fuisset
517 2525 621 2591 turba
636 2525 759 2608 multa,
783 2524 975 2591 audiebant
996 2547 1131 2592 omnem
1148 2532 1304 2592 sanctam

106 2628 298 2696 doctrinam
321 2651 423 2713 quam
448 2629 597 2696 docebat
621 2634 656 2694 et
677 2628 824 2694 dilectos
850 2649 1027 2696 sermones
1053 2632 1113 2714 qui
1139 2630 1306 2696 exiebant

107 2732 148 2798 de
166 2754 224 2799 ore
243 2734 329 2814 eius,
347 2734 407 2816 qui
423 2732 574 2816 pusillus
592 2754 668 2797 eum
687 2738 780 2797 esset
795 2732 881 2797 talia
897 2733 1046 2799 dicebat.

192 2839 203 2871 ⁸
222 2835 309 2902 Oum
326 2837 483 2901 audisset
498 2836 637 2919 Ioseph,
660 2836 787 2916 timuit,
811 2842 845 2900 et
861 2856 1005 2926 currens
1022 2837 1083 2901 ubi
1100 2842 1174 2902 erat
1190 2836 1304 2916 Iesus,

108 2940 271 3022 magister
291 2937 351 3003 ille
374 2938 462 3019 dixit
482 2938 526 3002 ad
551 2938 693 3022 Ioseph:
728 2936 843 3021 Scias,
865 2937 987 3021 frater,
1011 2940 1094 3022 quia
1115 2941 1232 3023 recepi
1253 2940 1306 3004 in·

107 3150 147 3198 dio
158 3134 407 3213 mibisortitsdissem
419 3148 451 3196 de
462 3164 493 3205 a,
512 3152 537 3196 et
549 3164 593 3211 epo
605 3149 688 3196 dicam
700 3149 747 3196 tibi
750 3149 935 3212 fortitudinem
947 3149 978 3197 de
991 3148 1013 3196 b.
1041 3148 1209 3214 strofarore
1220 3149 1304 3212 reple·

107 3238 146 3284 tes
156 3236 279 3299 asapistes·
292 3235 421 3296 perctarit
436 3249 491 3282 essm
503 3233 594 3294 capite.
618 3233 691 3282 Iesus
707 3237 790 3282 astam
807 3234 892 3282 iratas
902 3234 1036 3283 maledicit
1048 3251 1118 3291 eam,
1136 3239 1161 3284 et
1173 3235 1254 3283 sabito
1266 3251 1306 3283 ee·

107 3322 170 3370 cidit
181 3326 206 3371 et
216 3324 330 3369 mortuas
341 3325 387 3369 est.

174 3409 198 3456 3.
216 3406 290 3455 Iesse
301 3422 360 3455 nero
372 3421 487 3454 severasse
499 3409 537 3454 est
548 3406 575 3453 ia
588 3430 596 3440 ·
609 3405 661 3455 Ios.
674 3420 734 3468 erpo
746 3404 811 3468 disp.
825 3421 879 3454 essm
891 3406 925 3454 ad
939 3431 947 3440 -
960 3406 1047 3454 domm
1058 3421 1126 3454 suae.

174 3491 250 3541 XIII.
270 3488 310 3539 Cf.
324 3506 418 3555 evang.
431 3490 524 3540 Thom.
538 3488 632 3540 Graec.
645 3487 669 3537 A
682 3489 736 3538 XV.
764 3489 834 3540 Item
847 3489 1066 3554 Pseudo-Matth,
1077 3505 1171 3554 evang.
1184 3489 1304 3539 XXXIX.

107 3577 144 3626 ax
157 3577 216 3627 cod.
230 3577 288 3627 Per.
307 3577 358 3626 huc
371 3577 493 3639 pertinet
506 3581 587 3640 caput
600 3575 717 3627 XXXIX.
736 3575 806 3640 quod
820 3577 978 3638 inscriptum
993 3581 1047 3624 esta
1072 3576 1113 3624 De
1126 3577 1234 3640 qaedam
1251 3576 1305 3625 alio

104 3664 228 3727 mapistm
240 3663 308 3720 Iesu,
321 3664 393 3711 estse
404 3663 557 3726 benignitate
569 3663 642 3712 Iesse
654 3663 787 3711 sucitavit
797 3662 945 3725 mapistrssm
957 3661 1110 3725 defunctam.

176 3751 199 3797 1.
216 3760 250 3797 n:
269 3749 333 3798 Post
344 3748 436 3797 maltos
447 3764 506 3797 vero
519 3774 527 3785 ·
543 3749 627 3797 made
638 3750 699 3796 milss'
711 3749 794 3796 Iesum
806 3751 831 3797 et
842 3763 886 3811 epo
900 3745 981 3794 malta
992 3762 1062 3795 saara
1075 3747 1166 3797 docebo
1179 3763 1241 3797 eam.
1267 3747 1306 3796 Et

107 3859 118 3871 ·
129 3836 216 3897 accipe
233 3852 288 3884 eom
306 3851 360 3883 cam
371 3831 480 3897 [quadie.
493 3827 610 3898 ‘Cumque
627 3836 764 3898 accepisset
779 3850 834 3882 eam
845 3834 886 3882 do.
899 3831 958 3891 ille,
977 3833 1032 3881 ibat
1044 3849 1098 3882 cam
1111 3835 1163 3884 tim.
1175 3837 1201 3882 et
1212 3849 1306 3898 mapsa

107 3920 262 3970 exaltatione
274 3922 399 3970 deduceres
410 3937 473 3970 casn.

175 4014 200 4061 2.
218 4025 252 4060 n:
271 4012 310 4061 Et
321 4027 376 4060 essm
387 4011 495 4059 venisset
507 4036 515 4046 -
527 4011 555 4058 s'ss
566 4010 653 4058 eadem
664 4010 785 4058 iacentem
797 4012 822 4056 et
834 4022 909 4069 appr.
921 4011 946 4056 et
958 4007 1060 4069 apersit
1071 4023 1126 4056 eam
1138 4033 1147 4043 ·
1161 4023 1225 4070 qaae
1237 4008 1264 4056 s's
1276 4023 1306 4057 eo

107 4100 206 4162 scripta
217 4102 300 4156 eruat,
312 4097 357 4147 sed
369 4096 471 4160 apersit
484 4121 492 4132 ·
507 4096 597 4145 Omnes
608 4098 692 4144 astera
701 4095 745 4158 qai
755 4093 846 4142 ibidem
858 4094 922 4143 stat.
936 4092 1043 4142 libenter
1052 4095 1198 4152 audiebant,
1211 4098 1236 4144 et
1248 4110 1306 4144 ecee

109 4209 119 4221 ·
130 4190 156 4234 et
165 4185 242 4234 valde
254 4184 362 4233 libenter
374 4209 383 4220 ·
396 4185 433 4232 Et
448 4199 503 4231 cam
520 4180 629 4231 collecta
639 4182 684 4244 sss.
702 4179 791 4238 turba,
810 4180 947 4230 astabant
962 4196 1046 4230 emsa
1060 4185 1175 4230 sanctam
1189 4207 1197 4216 -
1211 4181 1242 4230 de
1260 4197 1306 4231 ore

107 4271 161 4319 eisss
171 4270 297 4328 exiebant,
310 4272 371 4335 qaia
383 4286 437 4318 cum
445 4285 544 4332 parcus
555 4270 620 4317 esset
631 4267 700 4315 talia
712 4266 821 4316 dicebat.

81 4345 84 4348 ¹
175 4360 200 4408 3.
218 4361 244 4407 st
255 4372 361 4406 carress
377 4356 420 4405 sbi
436 4359 494 4404 erat
504 4354 585 4411 Iessss,
603 4353 725 4417 mapieter
742 4352 788 4402 s'lls
804 4353 885 4402 disits
903 4354 941 4402 sie
959 4353 1172 4417 transposuimus
1190 4366 1258 4416 quas
1277 4352 1307 4401 ln

109 4444 201 4495 codice
212 4446 242 4496 In
255 4445 327 4494 hune
339 4442 446 4492 modum
458 4443 559 4505 scrIpts
572 4446 650 4490 sunt:
668 4443 695 4490 et
706 4456 811 4490 esrem
821 4439 944 4504 ssaptster
956 4437 1002 4487 ssa
1013 4439 1055 4487 abi
1067 4443 1124 4487 erat
1136 4439 1218 4494 Iesus,
1231 4437 1298 4485 disi*

159 4527 244 4576 Evsng.
254 4536 327 4576 spoer.
337 4527 372 4566 ed.
383 4525 535 4566 'l'lschendort
550 4523 590 4564 Ed.
600 4523 629 4563 11.
1061 4524 1093 4571 12
