2962 4912
417 342 585 393 HISTORIA
604 341 756 391 IOSldPIlI.
787 342 862 392 ChP.
882 343 953 392 xvl.
973 342 1058 393 xvn.
1276 339 1338 401 129

137 488 405 576 (decumbentis)
429 493 578 559 inlecto
603 514 676 558 suo.
709 491 824 576 Quare
847 493 986 575 aperuit
1006 514 1044 556 os
1068 512 1167 556 suum
1189 491 1341 572 suspiria

140 593 265 680 edens,
285 618 478 680 manusque
496 618 577 661 suas
594 595 758 661 adversus
780 597 927 661 invicem
944 595 1090 678 collisit,
1114 601 1149 659 et
1169 595 1242 659 alta
1256 615 1339 658 voce

144 700 345 767 exclamavit
361 701 397 766 in
414 700 507 766 hunc
523 701 663 766 modum
680 701 815 766 dicens:

615 889 736 956 (larun
758 889 860 957 XVI.

229 1028 319 1110 „Vae
330 1031 355 1113 ⁴)
378 1029 449 1093 diei
475 1050 542 1112 quo
567 1034 670 1093 natus
692 1049 768 1093 sum
790 1029 825 1092 in
847 1026 1023 1091 mundum.
1060 1026 1134 1094 Vae
1157 1032 1257 1091 utero
1280 1025 1340 1107 qui

159 1135 287 1219 gestavit
308 1154 372 1198 me.
403 1132 477 1200 Vae
498 1132 692 1197 visceribus
714 1154 802 1215 quae
824 1130 1042 1196 admiserunt
1061 1152 1125 1194 me.
1162 1129 1236 1197 Vae
1258 1130 1340 1195 ube-

160 1238 238 1304 ribus
257 1256 346 1319 quae
367 1235 586 1300 lactaverunt
605 1257 669 1300 me.
709 1234 783 1302 Vae
805 1234 955 1317 pedibus
978 1254 1083 1316 super
1103 1255 1191 1317 quos
1213 1235 1340 1299 sedens

161 1341 266 1427 quievi.
300 1337 376 1406 Vae
393 1338 554 1403 manibus
573 1360 660 1421 quae
677 1344 864 1422 portarunt
885 1343 921 1402 et
941 1337 1136 1402 educarunt
1151 1359 1204 1402 me
1228 1359 1339 1421 usque

162 1447 225 1511 dum
239 1441 384 1508 adolevi.
417 1440 555 1525 Quippe
573 1443 608 1506 in
626 1443 813 1525 iniquitate
832 1448 1024 1524 conceptus
1041 1462 1131 1523 sum,
1154 1448 1190 1505 et
1209 1442 1245 1505 in
1262 1462 1341 1525 pec·

162 1549 230 1616 catis
248 1546 448 1628 concupivit
469 1566 521 1609 me
542 1552 654 1610 mater
676 1567 761 1614 mea.
798 1545 872 1613 Vae
894 1546 1036 1629 linguae
1059 1552 1094 1609 et
1115 1544 1220 1610 labiis
1241 1547 1339 1627 meis,

162 1673 231 1738 quae
250 1649 476 1733 protulerunt
502 1654 536 1713 et
563 1648 680 1713 locuta
702 1655 784 1714 sunt
803 1649 1008 1732 vanitatem,
1038 1649 1340 1731 obtrectationem,

161 1754 372 1834 mendacium,
399 1753 590 1834 inscitiam,
616 1753 831 1834 irrisionem,
855 1752 1072 1836 figmentum,
1095 1753 1285 1818 versutiam
1306 1758 1342 1819 ot

162 1858 349 1944 hypocrisin.
389 1856 463 1924 Vae
490 1856 602 1921 oeulis
627 1857 729 1938 meis,
757 1858 815 1940 qui
842 1864 1101 1940 conspexerunt
1126 1856 1339 1923 scandalum.

161 1963 217 2031 Vae
235 1961 377 2025 auribus
400 1961 501 2043 meis,
525 1982 614 2044 quae
636 1960 925 2026 calumniatorum
947 1961 1166 2027 sermonibus
1190 1961 1342 2025 delecta·

163 2067 276 2132 bantur.
312 2063 389 2131 Vae
406 2063 566 2127 manibus
583 2064 680 2146 meis,
698 2085 787 2146 quae
805 2085 952 2147 rapuere
970 2065 1015 2130 ad
1032 2086 1068 2129 se
1086 2086 1156 2129 non
1172 2065 1248 2129 iure
1265 2085 1342 2147 per·

163 2168 297 2235 tinentia.
329 2167 404 2235 Vae
420 2167 533 2232 ventri
550 2188 625 2232 meo
644 2175 679 2232 et
694 2168 885 2250 intestinis,
903 2190 992 2252 quae
1009 2169 1209 2252 appetivere
1227 2189 1341 2233 escam

163 2271 228 2356 ipsis
249 2291 309 2335 esu
332 2269 566 2334 interdictam.
606 2269 679 2337 Vae
704 2271 839 2354 gutturi
861 2292 953 2353 mee,
978 2271 1091 2336 instar
1111 2272 1203 2355 ignis
1226 2272 1342 2335 omnia

164 2393 379 2458 quaecumque
405 2371 606 2437 inveniebat
623 2373 853 2436 consumenti.
890 2373 965 2441 Vae
986 2373 1136 2457 pedibus
1153 2375 1256 2456 meis,
1281 2375 1341 2457 qui

165 2477 278 2561 saepius
295 2475 361 2540 dee
378 2477 534 2559 ingratas
551 2472 776 2539 ambularunt
784 2475 869 2539 vias.
893 2475 967 2543 Vae
985 2479 1122 2560 corpori
1140 2485 1176 2542 et
1190 2499 1251 2543 vae
1268 2477 1341 2542 ani-

165 2602 219 2646 mae
233 2601 325 2644 meae
343 2580 452 2661 tristi,
473 2579 540 2643 iam
557 2577 659 2642 adeo
677 2584 818 2643 auctore
832 2600 899 2653 ‚suo
919 2601 1071 2646 aversae.
1104 2579 1197 2664 Quid
1214 2582 1339 2647 faciam

165 2704 222 2750 cum
247 2683 289 2748 ad
312 2684 428 2748 locum
458 2681 557 2746 illurn
583 2702 769 2764 perrexere
799 2680 861 2746 ubi
887 2683 1151 2750 consistendum
1175 2684 1260 2749 mihi
1287 2690 1341 2749 est

166 2808 255 2853 coram
269 2787 463 2852 iustissimo
480 2784 608 2865 iudice,
631 2790 666 2849 et
682 2785 742 2849 ille
759 2807 813 2850 me
830 2786 1107 2869 reprehensurus
1125 2794 1179 2852 est
1195 2794 1341 2871 propter

166 2910 249 2974 opera
270 2912 358 2974 quae
386 2890 558 2955 cumulavi
583 2890 619 2953 in
645 2890 826 2955 iuventute
853 2889 952 2955 mea?
987 2891 1062 2959 Vae
1089 2894 1182 2958 omni
1207 2894 1341 2958 homini

165 2995 300 3059 morienti
321 2995 357 3058 in
375 2994 530 3078 peccatis
548 2994 631 3058 suis.
667 2992 834 3058 Profecto
853 2995 974 3059 eadem
991 2995 1053 3060 illa
1068 2995 1154 3060 hora
1169 2995 1340 3060 terribilis

166 3098 490 3182 quaecontigitpatri
501 3117 577 3160 mee
588 3095 731 3179 Iacobo,
749 3119 826 3161 cum
842 3099 996 3164 evolaret
1012 3119 1053 3163 ex
1064 3119 1208 3182 corpore
1226 3101 1342 3165 anima

166 3201 233 3281 eius,
248 3222 323 3265 ecce
341 3201 427 3265 mihi
444 3202 512 3265 iam
528 3200 696 3265 imminet.
722 3199 751 3265 O
770 3223 872 3284 quam
890 3223 953 3285 ego
971 3203 1077 3266 miser
1092 3202 1196 3267 hodie
1214 3210 1342 3268 sumet

166 3301 388 3369 lamentatione
407 3303 544 3388 dignus.
581 3303 713 3371 Verum
734 3304 830 3369 solus
853 3304 939 3371 deus
962 3311 1016 3370 est
1032 3305 1185 3370 director
1204 3308 1340 3373 animae

167 3411 193 3469 et
205 3410 345 3491 corporis
362 3409 442 3488 urei,
460 3407 520 3471 ille
539 3408 644 3474 etiam
660 3429 722 3491 pro
740 3407 854 3472 lubitu
874 3408 1038 3476 cumillis
1055 3416 1166 3492 aget.“

606 3594 727 3662 Garun
750 3594 873 3664 XVII.

231 3732 323 3800 Haec
344 3740 429 3801 sunt
449 3755 537 3817 quae
561 3733 700 3799 locutus
722 3740 777 3798 est
792 3733 980 3816 Iosephus,
1002 3754 1109 3798 senex
1131 3734 1191 3798 ille
1214 3734 1339 3800 iustus.

164 3830 223 3917 Ege
238 3846 347 3904 autem
370 3839 551 3922 ingressus
568 3837 661 3921 apud
678 3837 778 3902 illum
795 3836 1011 3919 deprehendi
1028 3837 1178 3901 animam
1195 3838 1271 3902 eius
1287 3860 1341 3902 ve·

165 3933 548 4008 hementercommotam:
567 3942 746 4006 eratenim
758 3942 794 4004 in
806 3941 1105 4024 magnaangustia
1115 3941 1339 4006 constitutus.

164 4035 199 4102 111
212 4040 274 4108 dixi
292 4046 359 4110 illi:
384 4042 497 4127 Salve,
514 4046 560 4110 mi
577 4051 678 4129 pater
692 4044 854 4128 Iosephe,
871 4044 923 4108 vir
937 4044 1045 4109 iuste:
1063 4045 1123 4128 qui
1133 4041 1250 4108 vales?
1272 4042 1340 4109 Ille

165 4159 227 4208 vere
249 4148 427 4232 respondit
452 4149 552 4214 mihi:
590 4149 786 4215 Plurimum
812 4148 920 4229 salve,
947 4171 966 4213 e
993 4147 1101 4213 filiole
1127 4147 1174 4211 mi
1200 4146 1340 4212 dilecte.

165 4263 352 4284 x·-

217 4339 242 4403 4)
257 4343 338 4393 Huius
352 4344 452 4407 cepitis
466 4340 593 4393 Sabidice
606 4345 701 4408 scripti
714 4347 900 4408 argumentum
913 4342 999 4407 Zoega
1012 4341 1130 4390 breviter
1143 4341 1186 4389 his
1203 4340 1339 4390 exhibuit:

165 4415 264 4484 Ῑΰῦφλω
274 4433 411 4493 aspectam
423 4428 449 4478 in
461 4429 592 4479 Nazareth
605 4432 740 4479 terrorest
753 4428 823 4478 laeta
834 4429 963 4494 efficitur,
980 4425 1155 4490 exclamatque
1166 4441 1242 4490 saper
1249 4441 1339 4489 pecca·

165 4504 191 4553 V·
230 4511 252 4562 '.

199 4522 281 4646 :vuum
290 4607 365 4649 apocr.
375 4598 412 4639 ed.
422 4596 581 4638 mannendorf.
606 4597 646 4637 Ed.
657 4597 684 4637 11.
1109 4596 1126 4646 9
