2962 4912
144 309 206 374 130
462 314 631 367 msronm
650 314 801 367 rossem.
827 315 900 365 exn.
918 315 1018 367 xum.

141 460 315 544 Equidem
337 465 437 530 dolor
456 473 639 548 metusque
661 468 782 531 mortis
808 468 875 531 iam
899 463 1159 531 circumdedere
1179 485 1251 544 me;
1279 463 1340 529 sed

142 567 260 630 statim
280 587 320 632 ac
342 567 457 632 audivi
478 589 596 633 vocem
617 574 727 652 tuam,
749 569 922 652 requievit
943 569 1059 633 anima
1079 589 1165 632 mea.
1203 565 1232 632 Ο
1256 565 1342 632 Iesu

140 667 339 750 Nazarene‚
365 669 447 735 Iesu
470 673 660 754 sospitator
679 674 741 754 mi,
769 672 853 737 Iesu
878 671 1048 737 liberator
1072 672 1209 737 animae
1231 692 1341 751 meae,

140 772 223 838 Iesu
245 779 424 857 protector
445 774 501 838 mi.
547 775 644 858 Iesu,
671 799 690 840 o
713 777 956 841 suavissimum
976 796 1102 840 nomen
1125 776 1160 838 in
1183 796 1242 840 ore
1264 795 1342 840 meo

141 877 364 959 omniumque
387 878 576 943 amantium
597 878 696 943 illud.
745 877 856 944 Oculo
880 879 940 962 qui
960 879 1056 944 vides
1078 884 1113 942 et
1134 878 1229 943 auris
1252 899 1342 961 quae

140 980 256 1061 audis,
278 978 404 1044 exaudi
420 1001 483 1045 me.
515 981 591 1065 Ego
610 1003 727 1046 servus
745 988 826 1047 tuus
847 981 951 1047 hodie
973 980 1166 1046 humillime
1190 988 1224 1045 te
1242 1000 1344 1045 vene-

140 1103 211 1164 ror,
234 1089 269 1148 et
289 1104 404 1148 coram
427 1090 460 1148 te
483 1084 644 1150 lacrimas
661 1106 755 1150 meas
773 1084 924 1150 effundo.
955 1083 1007 1149 Tu
1032 1106 1068 1149 es
1093 1084 1235 1149 omnino
1255 1083 1343 1149 deus

138 1188 1342 1271 meus,quemadmodummibisaepissimeretulitangelus,praecipue

139 1294 255 1354 autem
281 1312 321 1356 eo
339 1291 395 1356 die
414 1314 481 1376 quo
502 1292 682 1358 fluctuavit
703 1293 839 1357 animus
859 1313 955 1356 meus
973 1290 1249 1375 cogitationibus
1265 1311 1345 1374 per-

138 1394 246 1458 versis
269 1394 312 1459 ob
333 1417 456 1478 puram
472 1399 530 1481 (et)
546 1395 769 1461 benedictam
787 1395 936 1461 Mariam
958 1396 994 1458 in
1015 1401 1114 1459 utero
1133 1401 1343 1477 gestantem,

139 1517 312 1581 quamque
336 1520 399 1582 ego
423 1506 556 1565 secroto
579 1499 754 1564 dimittere
778 1498 983 1582 cogitabam.
1028 1497 1129 1563 Haec
1152 1519 1233 1563 vero
1256 1495 1344 1561 mihi

138 1600 322 1667 meditanti
352 1623 432 1667 ecce
464 1623 657 1685 apparuere
683 1624 747 1686 per
771 1602 925 1685 quietem
949 1601 1066 1684 angeli
1091 1601 1225 1666 domini
1253 1600 1343 1665 miro

137 1705 301 1786 mysterio
319 1705 476 1771 dicentes
493 1705 595 1770 mihi:
628 1704 658 1771 Ο
675 1704 825 1789 Iosepbe
842 1704 892 1770 fili
909 1703 1032 1786 David,
1050 1725 1093 1768 ue
1110 1705 1236 1769 timeas
1252 1703 1345 1768 acci·

137 1827 220 1889 pere
236 1806 384 1873 Mariam
401 1830 564 1891 sponsam
581 1814 691 1889 tuam,
714 1829 828 1891 neque
846 1806 1082 1887 contristeris,
1104 1827 1219 1889 neque
1236 1804 1345 1870 verba

137 1907 304 1974 indecora
325 1910 482 1995 loquaris
505 1911 547 1975 de
571 1911 800 1993 conceptione
824 1911 915 1990 eius,
942 1911 1025 1992 quia
1049 1908 1192 1992 gravida
1217 1913 1275 1973 est
1300 1906 1369 1972 deffl-

139 2013 264 2094 spiritu
288 2020 408 2079 sancto
435 2020 470 2079 et
492 2015 607 2097 pariet
626 2013 737 2079 filium
759 2013 858 2078 cuius
881 2032 1006 2076 nomen
1023 2010 1205 2076 vocabitur
1222 2010 1367 2081 Iesus:

137 2114 198 2179 ille
222 2117 313 2181 enim
330 2117 461 2182 salvum
478 2117 585 2182 faciet
600 2117 768 2201 populum
785 2137 886 2180 suum
908 2115 1097 2198 apeccatis
1117 2134 1250 2179 eorum.
1288 2111 1364 2182 Ne

137 2224 254 2283 autem
271 2220 313 2286 ob
331 2220 422 2286 hanc
439 2243 578 2287 causam
595 2221 679 2285 mibi
696 2220 784 2286 male
803 2219 938 2302 cupias,
965 2240 984 2282 o
1002 2217 1156 2282 domins:
1182 2218 1357 2300 ignoravi

137 2323 229 2386 enim
240 2325 441 2406 mysterium
453 2325 646 2390 nativitatis
657 2332 737 2389 tuae
749 2325 783 2407 ⁸).
807 2320 1112 2402 Recordoretiam,
1129 2321 1175 2384 mi
1187 2319 1345 2405 domine,

137 2423 208 2489 diei
231 2425 333 2492 istius
357 2449 433 2494 cum
454 2450 569 2494 morsu
594 2428 768 2512 serpentis
785 2447 873 2509 puer
893 2427 959 2490 iste
977 2424 1178 2490 necabatur.
1210 2421 1342 2491 Volue-

137 2535 219 2593 runt
230 2536 345 2595 autem
356 2532 545 2616 propinqui
564 2533 639 2597 eius
651 2531 788 2596 tradere
800 2537 834 2595 te
846 2528 993 2610 Herodi,
1011 2528 1169 2593 dicentes
1181 2534 1216 2593 te
1234 2528 1339 2592 inter·

136 2631 263 2698 fecisse
281 2632 395 2697 illum:
414 2635 475 2699 sed
492 2634 740 2699 resuscitatum
756 2654 776 2697 a
791 2633 937 2698 mortuis
955 2631 1121 2697 cumillis
1138 2630 1335 2697 reddidisti.

136 2733 236 2799 Tunc
259 2757 322 2819 ego
340 2736 512 2802 accedens
536 2743 571 2802 et
585 2735 761 2819 prehensa
777 2757 880 2801 manu
902 2740 963 2799 tua
980 2733 1067 2798 dixi:
1098 2733 1150 2799 Mi
1167 2733 1234 2815 fili,
1260 2753 1336 2799 cave

136 2837 213 2902 tibi.
245 2834 296 2901 At
311 2844 349 2902 tu
366 2839 581 2922 respondisti
599 2838 697 2903 mibi:
729 2838 855 2904 Nonne
873 2843 910 2902 tu
932 2858 969 2902 cs
986 2844 1087 2921 pater
1102 2858 1200 2902 meus
1217 2857 1337 2903 secun·

138 2938 219 3004 dum
236 2939 397 3005 carnem?
416 2942 548 3007 docebo
565 2948 599 3007 te
618 2943 696 3025 quis
714 2963 777 3025 ego
796 2963 880 3006 sum.
904 2939 1008 3006 Nunc
1025 2941 1143 3024 igitur,
1161 2961 1181 3004 o
1199 2939 1338 3006 domine

138 3043 269 3109 etdeus
281 3045 337 3127 mi,
355 3067 397 3108 ne
415 3045 498 3110 mibi
511 3066 718 3111 succenseas
730 3044 782 3109 vel
795 3044 1005 3110 condemnes
1015 3064 1069 3108 me
1080 3049 1227 3126 propter
1243 3042 1339 3110 illam

136 3145 267 3211 horam.
291 3147 367 3232 Ego
385 3171 460 3213 sum
477 3171 595 3214 servus
613 3155 695 3214 tuus
712 3155 747 3214 et
763 3147 856 3212 filius
873 3148 1023 3213 ancillae
1040 3153 1137 3227 tuae;
1152 3153 1192 3211 tu
1203 3167 1285 3211 vero
1303 3168 1340 3211 es

137 3248 299 3315 dominus
316 3271 424 3334 mens,
442 3252 528 3318 deus
546 3259 581 3316 et
597 3259 752 3318 servator
768 3274 876 3333 meus,
894 3251 987 3316 filius
1005 3250 1062 3315 dei
1080 3250 1291 3315 certissime.

595 3429 716 3497 Onnun
738 3430 879 3499 XVHI.

222 3559 323 3625 Haec
338 3561 400 3625 ubi
416 3560 551 3625 dixerat
566 3565 667 3643 pater
683 3582 778 3625 meus
794 3557 979 3642 Iosephus,
1000 3559 1082 3623 flere
1100 3558 1252 3641 amplius
1271 3580 1342 3623 non

137 3663 263 3746 potuit.
297 3662 347 3727 Et
366 3664 531 3746 conspexi
553 3669 698 3740 mortem
719 3664 787 3728 iam
808 3662 878 3744 ipsi
898 3661 1144 3727 dominantem.
1182 3658 1342 3744 Surgens

206 3856 234 3918 s)
253 3856 345 3922 Pergit
357 3856 445 3921 zoega
461 3857 490 3906 in
509 3838 661 3906 exhibendo
680 3854 801 3905 snorum
819 3855 883 3904 uua
901 3858 1073 3920 argumento:
1104 3853 1179 3903 rae
1195 3853 1272 3903 rm·
1288 3869 1343 3904 m

138 3942 322 3993 αααθαῑαάννπνθ.
348 3942 486 4007 Supplicct
497 3942 589 4004 Ioseph
601 3941 692 3999 Ιθνννν»,
704 3941 830 3990 domim
840 3955 912 3988 θννννν»
923 3937 1068 4004 appellum
1083 3954 1168 4002 repens
1179 3954 1277 3998 θθνθν»,
1290 3938 1342 3989 nl-

137 4032 262 4087 natorern,
279 4030 475 4090 redemptorem,
493 4029 565 4077 άννιν»
577 4043 663 4076 verum
674 4030 700 4075 et
707 4027 863 4090 perfectum
882 4025 1028 4088 veniamque
1040 4026 1109 4088 petit
1119 4025 1186 4090 quod
1198 4025 1343 4090 aliquando
1376 4048 1394 4069 ιι

138 4115 275 4178 capitumet
285 4116 316 4164 άθ
328 4118 410 4164 matre
422 4115 476 4163 eius
487 4114 559 4162 άαναο
568 4112 699 4177 pellenda,
718 4112 797 4161 donee
809 4111 841 4159 ab
853 4110 944 4174 angelo
957 4111 1151 4175 certiorsacm
1162 4115 1230 4161 earet
1239 4112 1273 4162 de
1285 4128 1394 4162 con·—

138 4201 251 4262 ceptiono
268 4202 321 4250 eius
338 4217 350 4249 e
367 4201 462 4262 spiritu
479 4204 575 4249 macto.
601 4199 699 4248 Statim
718 4196 753 4248 cd
772 4211 804 4247 θ»
822 4211 889 4260 quae
908 4201 1057 4260 sequuntur
1072 4197 1160 4263 zoega
1178 4198 1219 4248 sic
1237 4199 1394 4264 pergit=

134 4288 285 4351 pariterque
297 4287 363 4352 quod
381 4271 442 4336 olim
460 4287 513 4350 ipse
525 4287 609 4335 Iesum
616 4299 737 4348 pum,
756 4284 799 4347 qm·
807 4282 945 4344 paronam
963 4299 980 4331 α
992 4287 1090 4332 ceram
1101 4298 1211 4333 morum
1222 4284 1251 4332 ν’»
1263 4284 1394 4335 υἱέα»-

138 4377 310 4430 revocaverat,
327 4373 421 4422 dextra
433 4387 496 4420 cm
508 4371 632 4420 ένααίθθθί
643 4369 688 4431 (ab
702 4369 744 4419 hi·
763 4369 848 4434 igitur
859 4369 950 4420 differt
962 4367 1068 4433 Arabs),
1084 4384 1185 4419 mouens
1196 4373 1227 4419 ut
1238 4369 1272 4419 ab
1284 4385 1332 4435 ope
1354 4397 1394 4408 —

137 4456 209 4516 ribot
219 4458 341 4508 Μάθαν»
351 4458 402 4508 atto·
413 4455 581 4524 comantibus
592 4455 737 4505 memet.
