2962 4912
451 1266 1034 1364 PROLEGOMENA.

674 1501 809 1508 --.--

228 1686 374 1751 Actibus
401 1685 625 1768 apostolorum
653 1684 854 1768 apocryphis
882 1704 986 1767 nuper
1008 1705 1029 1749 a
1050 1705 1102 1749 me
1126 1684 1222 1750 editis
1245 1705 1343 1767 prae·
1403 1686 1407 1693 “

137 1797 251 1862 iaturo
279 1796 555 1880 proficiscendum
576 1796 658 1863 inde
684 1803 757 1862 erat
779 1795 866 1878 quod
891 1795 942 1859 illi
965 1795 1108 1862 obscura
1128 1796 1216 1861 lama
1238 1797 1342 1880 magis

138 1930 243 1991 quam
272 1909 345 1991 ipso
374 1909 483 1974 studio
512 1909 600 1973 inter
621 1907 709 1974 viros
731 1908 848 1974 doctos
869 1908 1092 1973 innotuissent
1114 1907 1254 1972 necdum
1277 1929 1343 1974 ma·

139 2021 213 2085 iore
228 2025 380 2102 exparte
395 2019 477 2086 editi
492 2025 608 2085 essent
644 2019 762 2104 Longo
782 2019 857 2103 alia,
879 2025 917 2084 ut
936 2020 1003 2083 iam
1022 2024 1092 2082 tum
1108 2018 1342 2103 significabam,

140 2130 385 2215 evangeliorum
407 2130 673 2214 apocryphorum
696 2132 782 2196 ratio
804 2135 864 2196 est
907 2130 982 2195 Ista
1004 2130 1092 2194 enim
1109 2151 1211 2212 quum
1229 2131 1342 2213 plures

139 2242 287 2308 editores
309 2263 369 2324 per
390 2243 456 2307 tria
477 2241 559 2307 haec
582 2243 714 2308 saecula
731 2243 937 2324 invenerunt,
960 2248 1030 2306 tum
1045 2263 1067 2307 a
1080 2240 1193 2306 multis
1211 2242 1343 2325 cognite

139 2359 289 2418 tractata
304 2353 452 2420 adhibita
470 2359 556 2417 suut.
594 2352 712 2436 Neque
732 2353 768 2418 id
786 2354 916 2418 mirum.
953 2353 989 2418 A
1003 2352 1118 2435 primis
1134 2354 1222 2418 enim
1238 2354 1342 2419 eccle-

139 2465 210 2530 siae
226 2463 438 2530 Christianae
457 2463 597 2530 saeculis
613 2486 712 2547 quam
728 2465 849 2530 famam
871 2465 1069 2546 habuerunt,
1091 2485 1132 2529 ea
1152 2485 1219 2529 non
1240 2464 1340 2530 modo

139 2575 184 2639 ad
205 2580 357 2659 tempora
378 2576 528 2658 proxime
556 2576 734 2642 subsecuta
761 2576 908 2656 transiit,
937 2575 994 2641 sed
1023 2577 1123 2642 etiam
1150 2596 1210 2657 per
1236 2582 1342 2642 tutam
1436 2622 1439 2626 ι

140 2685 210 2752 fere
239 2691 382 2752 aetatem
410 2686 552 2752 mediam
577 2687 695 2771 viguit3
723 2687 810 2752 unde
833 2687 956 2753 factum
978 2692 1089 2752 estut
1111 2693 1283 2769 etgraece
1307 2695 1341 2754 et

139 2798 243 2863 latine
270 2817 369 2880 saepe
392 2798 724 2880 transscriberentur,
752 2805 853 2881 atque
875 2799 911 2863 in
932 2798 1056 2863 multas
1079 2819 1179 2881 quum
1203 2799 1340 2865 orientis

138 2914 210 2973 tum
234 2908 419 2975 occidentis
440 2909 572 2993 linguas
595 2915 875 2975 converterentur.
920 2908 1016 2994 Quae
1037 2908 1144 2975 famae
1165 2909 1341 2983 celebritas

139 3019 225 3084 hanc
245 3040 399 3085 caussam
413 3020 531 3085 habuit
545 3020 634 3104 quod
652 3020 857 3102 traditiones,
878 3021 1049 3104 inquibus
1068 3027 1142 3088 tota
1156 3027 1340 3106 versantur,

141 3130 180 3196 de
202 3129 315 3197 Maria
337 3138 372 3196 et
393 3132 530 3216 reliquis
552 3131 630 3197 Iesu
653 3132 860 3215 parentibus,
887 3133 969 3197 item
994 3132 1036 3197 de
1064 3139 1141 3197 ortu
1168 3139 1269 3216 atque
1292 3133 1341 3198 in·

140 3242 244 3307 tantia
259 3242 339 3308 Iesu
354 3243 461 3326 deque
479 3245 605 3308 ultimis
622 3244 693 3309 eius
716 3243 802 3324 fatis,
826 3244 1053 3310 curiositatem
1074 3244 1245 3308 hominum
1266 3249 1339 3309 tan·

140 3359 253 3437 tepere
276 3354 485 3437 occupabant
507 3361 544 3419 ut
561 3355 661 3420 variis
683 3354 788 3420 modis
810 3355 1047 3437 excolerentur,
1070 3375 1128 3420 ore
1145 3353 1259 3438 po'puli
1279 3355 1340 3420 cir·

140 3464 396 3548 cumferrentur,
425 3464 540 3531 diebus
568 3464 665 3531 festis
692 3465 930 3547 recitarentur,
960 3465 1162 3531 carminibus
1190 3466 1339 3550 artisque

140 3577 295 3659 operibus
318 3576 591 3659 exprimerentur,
612 3597 720 3660 neque
742 3583 873 3642 tantum
894 3577 1050 3659 privatim
1073 3576 1288 3642 crederentur
1305 3582 1340 3643 et

138 3707 198 3769 pro
223 3688 311 3752 veris
333 3687 598 3767 venditarentur,
620 3709 734 3754 verum
757 3688 873 3769 etium,
896 3689 1062 3754 canonicis
1084 3688 1265 3772 evangeliis
1287 3688 1340 3755 vel

139 3798 259 3879 invitis,
281 3797 324 3863 ad
343 3798 417 3881 ipsa
435 3798 593 3864 ecclesiae
608 3804 789 3883 praecepta
803 3805 904 3883 atque
919 3799 1075 3864 instituta
1088 3798 1153 3864 vim
1169 3798 1339 3866 haberent.

139 3908 202 3974 His
223 3909 306 3992 ipsis
324 3910 360 3974 in
381 3909 479 3975 rebus
498 3911 608 3993 positu
622 3915 674 3976 est
689 3911 809 3976 eximia
824 3910 988 3995 quaedam
1004 3910 1248 3994 evangeliorum
1262 3928 1340 3994 apo·
1408 3961 1415 3995 .-

139 4021 338 4105 cryphorum
356 4021 516 4104 gravitas:
540 4021 815 4106 quemadmodum
830 4023 918 4088 enim
936 4043 1052 4088 eorum
1066 4027 1253 4104 temporum
1269 4020 1340 4104 qui·

138 4132 199 4197 bus
220 4133 366 4216 primum
389 4132 583 4215 prodierunt
603 4134 771 4217 ingenium
787 4133 917 4217 docent,
938 4136 986 4199 ita
1008 4134 1116 4209 etiarn¹
1131 4132 1238 4212 lucem
1260 4131 1338 4198 affe·

139 4250 213 4309 runt
233 4245 275 4309 iis
295 4265 381 4329 quae
404 4243 481 4309 inde
504 4250 596 4337 ortae
619 4250 694 4330 sunt
716 4243 837 4310 sabulis
859 4250 960 4329 atque
983 4243 1195 4328 opinionibus
1215 4243 1339 4326 populi,

139 4356 214 4421 item
228 4355 392 4423 historiae
403 4355 602 4441 dogmatum,
617 4357 749 4440 rituum,
764 4357 895 4422 artium.
920 4356 1029 4442 Quem
1042 4355 1083 4422 ad
1099 4376 1195 4420 usum
1208 4351 1339 4420 accedit
