2962 4912
592 342 702 392 ausui
720 341 845 392 musrr.
873 341 919 391 11.
1292 337 1354 400 363

149 512 255 574 super
271 491 470 572 universam
497 497 621 556 terrem
649 497 682 558 et
704 492 753 558 sol
777 493 973 557 obscuratus
997 496 1061 572 est,
1090 497 1123 555 et
1144 490 1251 554 velum
1273 496 1354 554 tem-

149 594 201 678 pli
225 595 366 658 scissum
389 599 439 659 est
461 595 612 661 medium.
656 596 704 661 ut
726 596 873 660 clamans
889 615 968 660 voce
986 614 1108 677 magna
1123 592 1219 657 dixit:
1241 593 1355 674 Pater,

150 698 189 761 in
220 718 339 762 manus
370 703 447 761 tuas
478 698 669 763 commendo
701 699 854 780 spiritum
884 718 1001 761 meum.
1051 697 1098 761 Et
1127 696 1211 761 haec
1242 695 1355 759 diceus

154 802 266 866 emisit
289 802 451 883 spiritum.
491 801 617 868 Videns
640 808 752 867 autem
775 804 923 866 centurio
947 801 1034 884 quod
1057 801 1182 866 sactum
1205 806 1263 883 est,
1286 800 1355 881 glo-

152 904 301 970 rificavit
329 905 425 971 deum
453 906 565 970 diceus
593 907 672 989 quia
700 905 754 971 hio
781 905 879 970 homo
907 907 1015 970 iustus
1042 911 1123 971 erat.
1166 906 1214 969 Et
1241 924 1355 970 omues

154 1009 212 1091 qui
235 1007 459 1072 iuterfuerunt
481 1009 593 1090 populi
617 1008 659 1073 ad
683 1008 908 1092 spectaculum
931 1008 1029 1089 istud,
1056 1015 1245 1091 spectantes
1269 1027 1355 1090 quae

154 1110 247 1176 facta
270 1118 357 1193 sunt,
379 1113 603 1193 percutientes
624 1119 763 1195 pectora
786 1133 846 1177 sua
870 1112 1130 1177 revertebantur.

244 1229 435 1296 ’Centurio
464 1237 574 1295 autem
601 1232 716 1297 retulit
743 1231 889 1314 praesidi
917 1251 1003 1314 quae
1031 1230 1123 1295 sacta
1150 1236 1234 1295 sunt.
1284 1227 1354 1291 Au-

155 1332 249 1397 diens
272 1340 385 1398 autem
407 1355 541 1415 praeses
565 1341 598 1398 et
620 1336 739 1400 mulier
762 1335 846 1417 eius,
875 1334 1065 1399 contristati
1088 1339 1165 1398 sunt
1187 1332 1295 1413 valde,
1323 1335 1357 1394 et

158 1576 203 1639 (cn
222 1577 276 1626 edd
294 1575 389 1639 sabito)
408 1577 525 1626 tenebrae
541 1576 637 1642 isuper
655 1577 683 1640 (u
702 1577 741 1640 in)
759 1582 829 1627 ania.
843 1584 939 1628 terram
957 1593 1016 1627 cum
1034 1589 1087 1625 Auo
1108 1612 1137 1625 ..
1157 1568 1217 1626 1)···
1231 1575 1289 1625 edl'r
1302 1573 1355 1625 edd

155 1680 232 1728 aeque
249 1665 284 1713 ad
301 1666 390 1714 taram
408 1680 498 1713 nonam
513 1663 517 1728 Ι
537 1670 561 1713 et
578 1665 618 1714 eol
636 1665 701 1714 obeo.
721 1671 758 1714 eet
776 1671 800 1714 et
818 1664 899 1714 oetam
917 1664 1003 1725 templ.
1023 1681 1058 1712 ee.
1079 1669 1116 1712 eet
1133 1664 1240 1712 mediam
1260 1662 1290 1724 (1
1306 1677 1356 1725 per

156 1751 230 1809 ned„
249 1751 371 1813 emedio)
386 1767 444 1800 cum
458 1763 510 1801 suc
527 1787 557 1801 ..
577 1743 637 1802 1)···
651 1752 711 1801 etipr
723 1752 777 1801 nole
794 1757 877 1800 antem
895 1751 1043 1800 obscurante
1062 1749 1105 1809 (1)·
1119 1750 1180 1799 edi’r
1198 1748 1354 1811 eiecerrato),

155 1852 209 1885 ecee
226 1836 277 1885 oei.
291 1842 323 1886 te.
336 1853 371 1885 ec.
385 1843 423 1886 eet
442 1839 468 1885 in
480 1838 545 1886 daos
558 1842 650 1899 parter
662 1836 708 1897 (1)·
720 1852 762 1886 om
781 1840 808 1885 in
820 1837 845 1886 d.
854 1835 897 1899 p.)
911 1853 928 1884 a
939 1851 1031 1886 eamme
1043 1851 1120 1898 nepae
1131 1836 1256 1885 deorsam.
1277 1834 1355 1903 Ppne·

156 1924 230 1971 terea
242 1920 276 1971 1)·
289 1921 342 1970 edd
360 1927 384 1970 et
398 1927 490 1984 petrae
508 1925 602 1970 scineae
619 1927 677 1970 eant
695 1928 721 1972 et
738 1927 896 1971 monumenta
913 1926 1005 1985 aperta
1022 1927 1088 1978 eunt,
1107 1926 1132 1970 et
1149 1920 1230 1971 malta
1246 1935 1357 1983 corpora

155 2013 300 2057 sanctorm
313 2011 357 2071 qai
370 2009 528 2058 dormierant
545 2014 710 2057 erar-exerant
725 2003 730 2070 Ι
745 2013 770 2057 et
788 2008 863 2056 eham.
877 2024 915 2057 oo.
929 2024 979 2056 ma.
993 2008 1063 2057 dicit
1080 2023 1138 2072 cum
1152 2019 1167 2056 c
1182 1999 1355 2057 ..1>'²¹'⁰e(il’r

153 2094 176 2139 et
193 2080 257 2151 (1)··
269 2090 323 2139 add
341 2092 412 2139 circa
429 2092 518 2139 ieram
536 2091 638 2152 nonam)
657 2083 1028 2153 clamavit(1)‘¹'eaei.)1eeae
1045 2093 1104 2138 ooee
1120 2105 1214 2153 magna
1227 2088 1300 2152 (etil'r
1313 2104 1355 2137 om

152 2191 191 2225 oo.
213 2175 280 2238 rna.)
299 2177 386 2225 dicens
410 2176 413 2239 Ι
438 2178 519 2226 Pater
538 2176 611 2238 (edt’r
629 2183 692 2240 poet
710 2175 794 2237 taor),
816 2179 843 2225 in
859 2192 948 2226 manae
965 2202 975 2212 ·
993 2179 1057 2239 spir.
1076 2192 1155 2226 meam
1173 2192 1232 2225 cum
1250 2188 1266 2225 ο
1285 2175 1356 2234 odP',

150 2261 201 2312 eod
215 2274 232 2312 c
246 2262 298 2311 oio:
317 2264 400 2311 Pater
411 2278 452 2310 mo
463 2263 539 2328 defici
557 2264 583 2312 iri
601 2269 640 2313 eet
656 2280 691 2312 na
703 2265 768 2327 qaod
786 2265 973 2326 interpretatae·
991 2267 1023 2312 le
1034 2272 1193 2322 manarate,
1211 2263 1277 2314 item
1295 2263 1356 2314 etii)r

154 2344 211 2394 Via
230 2345 303 2394 alati
320 2348 365 2395 ioc
375 2345 488 2410 fricata,
509 2348 573 2409 qaod
592 2349 778 2408 interpretator
797 2350 828 2395 In
845 2363 933 2396 manee
951 2353 1008 2396 otc:
1028 2362 1095 2410 quoe
1114 2347 1166 2397 otei
1184 2346 1218 2395 nd
1233 2360 1357 2411 graecum

147 2434 261 2480 textum
284 2441 404 2480 nostrum
428 2438 581 2495 comparato
600 2438 675 2489 sant,
700 2436 791 2481 tamon
809 2447 856 2496 pro
875 2435 954 2482 tenta
972 2432 1121 2495 scripturae
1140 2432 1291 2481 vitiositate
1310 2446 1356 2480 no·

144 2513 245 2563 lebam
259 2514 346 2564 edere.
373 2513 406 2563 In
420 2514 499 2565 codd.
513 2527 549 2563 ru
569 2531 658 2564 rursus
677 2516 754 2579 ploro
772 2516 960 2578 praetor-mineo
979 2519 1043 2565 eunt
1055 2530 1139 2579 usque
1152 2514 1197 2572 XI,
1210 2517 1235 2563 2.
1256 2513 1357 2563 Contra

143 2589 216 2649 1)···
228 2597 264 2646 sd
283 2599 440 2648 canonicum
459 2604 563 2648 textum
576 2599 732 2663 amplificati
746 2606 819 2648 sunt.
842 2598 908 2649 Post
920 2600 1002 2649 verbe
1015 2600 1085 2648 enim
1099 2615 1157 2648 noce
1169 2615 1261 2662 maana
1271 2599 1359 2648 dicem

141 2683 193 2734 it·
202 2691 323 2750 pergunt
333 2684 400 2751 Heip
409 2686 466 2750 iely
476 2685 696 2743 lamazabathani,
708 2687 772 2750 qaod
782 2691 820 2736 ert
830 2688 1024 2750 interpretatam
1034 2685 1077 2748 (1)·
1084 2685 1280 2748 interpretatur)
1286 2686 1358 2734 Deae

143 2786 230 2830 meae,
250 2772 311 2820 &aa
323 2788 398 2829 meae,
417 2779 445 2822 at
458 2774 518 2837 qaid
530 2773 692 2837 dereliquisti
703 2772 759 2821 met
790 2773 828 2822 Et
842 2778 902 2837 poet
916 2774 978 2821 haec
990 2773 1053 2822 die-it
1065 2775 1137 2822 tesan
1148 2774 1238 2831 Pater,
1257 2771 1301 2834 (1)·
1314 2786 1357 2820 om

142 2855 227 2905 Deae
245 2872 320 2915 meae,
339 2857 401 2905 deae
417 2872 502 2922 usque
520 2857 623 2920 Pater),
642 2860 668 2906 in
686 2873 775 2907 manae
792 2864 850 2906 tace
868 2874 954 2907 comm.
973 2874 1012 2921 ep.
1026 2874 1104 2907 meam
1119 2857 1123 2920 Ι
1139 2861 1221 2908 εηιίείί
1238 2860 1357 2921 spiritam

148 2959 215 2994 oum
234 2934 300 2996 cit*b
318 2944 389 3003 edl’f,
412 2946 478 2994 item
496 2958 532 2995 ΑΒ
553 2978 582 2996 ..
601 2944 632 2997 1)·
652 2946 812 3009 exspiravit}
833 2946 927 2995 Vident
946 2960 1005 2998 ..c
1023 2948 1129 2996 nadiem
1149 2946 1154 3008 Ι
1174 2948 1239 3010 qaod
1253 2947 1357 3011 saetam

151 3036 265 3080 ericum
279 3045 294 3082 c
308 3066 335 3082 ..
354 3023 401 3082 1)··
415 3032 476 3081 edP'
489 3033 644 3097 quaefacta
656 3033 959 3097 eant..1>²qaia1eeae
970 3037 1007 3083 eie
1019 3034 1133 3083 clamans
1144 3036 1227 3084 ernstii
1238 3036 1357 3099 spiritam

156 3112 159 3178 Ι
180 3116 270 3164 dicens
287 3132 346 3165 cum
364 3108 399 3166 1)·
418 3116 479 3165 edi’r
499 3118 646 3182 ..reliqui
664 3123 689 3167 et
706 3119 775 3167 datr
798 3119 803 3182 Ι
828 3121 889 3182 qaia
907 3118 960 3180 (ito
978 3110 1043 3177 c1>b3
1062 3117 1108 3168 1)··
1131 3118 1203 3176 Vere,
1227 3119 1288 3169 edir
1305 3118 1355 3180 Et)

153 3202 196 3250 iio
221 3201 326 3265 (ciete)
351 3205 374 3250 i.
395 3205 413 3252 i.
433 3209 491 3254 erat
516 3203 543 3266 (c
560 3203 631 3269 snit)
655 3203 660 3267 Ι
684 3206 721 3255 Et
740 3206 883 3269 omnesqui
904 3230 915 3240 ·
929 3206 1010 3270 sacta
1027 3211 1085 3255 eant
1103 3221 1161 3256 com
1181 3220 1196 3258 c
1215 3241 1245 3255 ..
1265 3199 1314 3257 1)··
1332 3212 1357 3256 et

155 3301 239 3336 ornnes
257 3288 352 3352 papali
374 3292 566 3340 circumstantes
589 3291 687 3340 turbati
710 3289 755 3351 (1)·
773 3289 900 3352 contari.)
923 3296 982 3341 eant
1003 3289 1049 3353 (1)·
1066 3291 1119 3342 odd
1138 3293 1303 3353 veliementer)
1322 3293 1357 3341 ad

155 3375 326 3435 epectaeaiarn
345 3372 389 3437 (1)·
407 3376 460 3425 edd
478 3376 566 3437 illud),
585 3378 775 3427 considerantes
792 3376 837 3439 (1)·
855 3382 880 3427 et
898 3377 1005 3438 consid.)
1025 3378 1179 3442 quaefacta
1196 3382 1267 3434 eant,·
1290 3380 1355 3429 item

156 3456 217 3506 edP‘
236 3460 342 3508 omissis
361 3461 395 3508 act
413 3466 590 3524 speciesque
601 3462 673 3525 fact.
687 3467 745 3511 eant
758 3498 765 3511 .
778 3497 785 3512 .
799 3461 831 3511 1)·
849 3467 873 3511 et
891 3464 971 3510 omnis
984 3462 1097 3524 papulae
1114 3465 1281 3513 circumstans
1298 3479 1355 3513 eon·

155 3540 274 3590 turbatae
291 3543 439 3607 aspiciebat,
458 3545 647 3593 eomiderantes
666 3561 729 3608 qaae
739 3545 819 3609 sacta
837 3551 894 3595 eant
909 3546 914 3609 Ι
931 3550 1032 3609 percat.
1047 3542 1089 3606 (1)·
1102 3549 1126 3593 et
1139 3546 1225 3607 perc.)
1244 3571 1254 3581 -
1271 3560 1355 3595 reoer·

155 3627 273 3678 retentor
292 3662 322 3677 ..
343 3627 375 3678 1)·
389 3634 570 3691 permanerunt
586 3635 693 3690 pectora
710 3644 771 3687 ena,
791 3635 816 3679 et
833 3635 893 3679 tanc
910 3629 1101 3679 revertebantur
1119 3631 1146 3678 in
1164 3630 1304 3679 Ierusalem
1323 3665 1353 3680 ..

158 3713 216 3762 eil)r
236 3730 287 3773 om,
306 3715 372 3764 item
391 3730 437 3778 per
457 3729 570 3765 errorem
590 3714 734 3765 scribentis
753 3727 768 3765 c

223 3823 249 3870 2.
283 3820 401 3870 Centurio
418 3845 429 3855 ·
438 3821 519 3884 saeta
536 3827 594 3871 eant
612 3834 670 3870 com
688 3812 736 3871 1)··
756 3855 784 3870 ..
803 3820 837 3870 1)·
855 3823 968 3869 centurio
987 3822 1087 3868 uenatu
1103 3819 1138 3867 <ut
1152 3821 1299 3883 praecident
1315 3837 1355 3870 re·

154 3909 214 3959 iniit
232 3907 277 3956 iiii
293 3909 378 3957 amnia
390 3925 429 3971 qa.
435 3909 507 3972 soet.
521 3915 579 3959 eant
592 3944 600 3959 .
615 3944 622 3958 .
640 3908 728 3960 cenef
742 3923 783 3957 om
798 3907 969 3969 (transfluere
983 3907 1015 3957 ab
1029 3908 1116 3956 altero
1129 3923 1194 3971 qaae
1203 3908 1284 3971 saeta
1297 3914 1356 3959 eant

153 3995 187 4045 ed
206 3995 338 4051 altorum,
362 4002 393 4043 ut
411 3992 530 4056 videtur)
555 3993 559 4056 Ι
583 3995 699 4044 dodim
717 3999 771 4044 aut.
791 3993 838 4056 (eu
856 3992 927 4055 ono)
943 4009 986 4057 pr.
1006 3999 1031 4043 et
1047 3992 1141 4041 mulier
1159 3993 1187 4055 (1)
1205 3993 1282 4050 eaor)
1301 4000 1356 4044 etan

148 4077 181 4140 (1)
201 4076 257 4140 om)
276 4101 287 4112 ·
306 4076 420 4126 biberant
439 4076 466 4138 (c
485 4076 538 4126 edd
556 4079 650 4139 etnam)
670 4080 696 4125 in
715 4077 743 4139 (1)
762 4076 816 4138 om)
835 4077 877 4125 die
895 4077 945 4125 iila
964 4077 1012 4140 (eu
1030 4075 1080 4124 illo
1097 4076 1150 4138 die)
1169 4092 1228 4126 cum
1247 4091 1270 4135 c,
1289 4079 1355 4128 item

145 4176 190 4213 ΑΒ
205 4199 233 4214 ..
249 4156 283 4213 1)·
296 4163 402 4212 audiens
420 4169 473 4213 ant.
484 4179 529 4226 pr.
544 4167 710 4213 contristatae
727 4169 764 4213 eet
782 4166 865 4222 nimie,
883 4169 908 4213 et
924 4164 1203 4223 nonnandaeaoerant
1214 4180 1292 4227 neque
1304 4164 1353 4214 tt.

141 4251 181 4301 ι’.
199 4251 251 4300 itta
269 4251 311 4300 die
327 4285 353 4299 ..
372 4249 404 4300 1)·
417 4249 478 4299 edpr
491 4251 597 4298 audiens
615 4249 688 4312 (etipr
702 4251 767 4314 qaod
784 4249 858 4312 aad.)
877 4255 959 4299 aetem
977 4247 1050 4310 (eiipr
1063 4249 1117 4312 om)
1133 4266 1175 4312 pr.
1189 4253 1356 4301 contristata

137 4344 192 4389 eet
211 4341 288 4387 nimie
305 4337 378 4400 (edpr
397 4337 560 4387 conturbatae
578 4336 663 4399 valde)
681 4343 707 4386 et
724 4336 797 4399 (etittr
810 4338 863 4398 orn)
881 4352 931 4386 non
943 4337 1105 4385 manducavit
1116 4352 1194 4400 neque
1206 4337 1269 4388 titii
1281 4336 1355 4401 (eutr

135 4425 210 4476 aad
223 4424 263 4487 in)
277 4426 325 4474 ilia
337 4426 379 4474 die
392 4458 399 4471 .
412 4460 418 4474 .
432 4424 466 4474 1)·
479 4441 532 4473 eam
551 4429 634 4473 autem
647 4439 692 4486 pr.
705 4423 844 4473 audivisset
856 4426 940 4473 omnia
952 4440 1016 4487 qaae
1025 4425 1107 4488 faeta
1118 4430 1200 4482 nant,
1219 4428 1354 4474 contrista·
