3000 4912
155 287 196 349 90
360 285 693 338 isarno-unarum
714 287 944 337 EVANGELIUM
972 286 1046 338 cir.
1065 287 1149 338 xxn.

155 438 292 504 finiatis.
338 437 438 502 Haeo
468 439 540 503 illis
572 439 799 522 loquentibus
837 459 917 504 ecoe
949 441 1206 523 prospieientes
1237 440 1355 506 videre

156 549 349 625 coeperunt
364 548 499 606 montes
515 542 687 626 Egyptios
705 549 740 606 et
756 542 914 607 civitates
932 542 1019 606 eius.

240 644 315 709 ¹Et
336 645 529 728 gaudentes
553 651 588 709 et
609 646 806 710 exultantes
827 644 1042 710 devenerunt
1063 646 1099 709 in
1122 645 1249 710 finibus
1266 643 1358 710 Her-

153 748 313 831 mopolis,
332 754 367 812 et
382 749 419 812 in
437 770 540 813 unam
557 769 598 813 ex
613 748 812 813 civitatibus
823 748 953 831 Egypti
965 769 1053 830 quae
1066 745 1214 813 Sotinen
1226 747 1358 813 dieitur

153 852 303 934 ingressi
321 858 418 931 sunt3
442 858 477 916 et
493 852 658 935 quoniam
678 852 714 916 in
737 873 778 916 ea
794 851 912 917 nullus
930 858 1005 916 erat
1021 859 1125 917 notus
1141 851 1235 935 apud
1253 873 1356 935 quem

152 954 353 1038 potuissent
368 953 550 1037 hospitari,
572 953 741 1037 templum
757 956 907 1039 ingressi
925 960 1017 1035 sunt,
1039 955 1132 1037 quod
1150 955 1356 1038 capitolium

151 1057 281 1141 Egypti
298 1056 497 1122 vocabatur.
527 1057 570 1121 In
588 1078 656 1139 quo
674 1057 806 1140 templo
823 1064 982 1122 trecenta
999 1058 1181 1141 sexaginta
1198 1059 1354 1141 quinque

152 1161 248 1226 idola
268 1160 385 1244 posita
410 1167 524 1241 erant,
548 1158 676 1242 quibus
700 1160 848 1243 singulis
870 1160 994 1225 diebus
1019 1160 1131 1225 honor
1151 1161 1294 1226 deitatis
1318 1160 1354 1224 in

152 1263 347 1346 sacrilegiis
364 1261 625 1346 perhibebatur.

152 1440 180 1503 (a
193 1439 361 1500 adbreviab.)
373 1440 411 1487 ita
424 1443 452 1487 ut
464 1439 529 1502 quod
542 1438 570 1500 (a
582 1438 635 1499 ubi)
646 1455 696 1501 per
708 1440 817 1502 triginta
829 1440 884 1487 dies
896 1439 964 1488 vobis
972 1440 1163 1503 perperandum
1173 1438 1287 1505 (corrige
1295 1456 1354 1504 per·

146 1525 310 1590 petrandum,
323 1538 339 1573 n
348 1524 551 1587 properandum)
564 1529 629 1581 erat,
643 1525 669 1572 in
681 1526 729 1572 hae
741 1541 792 1572 una
801 1525 853 1573 diei
865 1526 1040 1573 mansiuncula
1054 1525 1082 1587 (a
1093 1526 1135 1573 die
1147 1526 1181 1573 ad
1191 1525 1354 1587 suessionem)

146 1613 311 1675 pertinpatis.
332 1609 335 1675 l
355 1611 429 1659 Haeo
442 1610 471 1672 (n
485 1610 537 1660 add
551 1607 657 1674 quoque)
671 1610 727 1659 illis
739 1610 788 1674 loq.
806 1615 836 1659 ut
850 1623 920 1669 som
939 1624 971 1660 cn
985 1611 1076 1659 Adhuc·
1094 1627 1122 1660 eo
1136 1611 1251 1674 loquente
1269 1609 1272 1673 l
1296 1625 1311 1659 n
1329 1616 1355 1660 et

149 1714 204 1745 ecee
218 1694 221 1759 l
237 1697 364 1762 Epyptios
376 1695 402 1758 (c
416 1696 493 1760 Δις.)
509 1701 540 1745 ut
552 1708 642 1755 suom
661 1709 677 1744 a
691 1697 802 1761 Aegypti
815 1695 818 1760 l
834 1698 904 1747 civit.
921 1698 975 1745 eius
988 1696 1035 1759 (eu
1047 1698 1101 1746 eius
1113 1696 1172 1759 viv.)
1185 1705 1216 1745 ut
1230 1710 1318 1756 suom
1337 1710 1354 1745 Ε

151 1783 296 1846 aequitates
307 1782 361 1830 eius

221 1871 244 1916 2.
263 1870 417 1917 devenerunt
430 1893 438 1904 ·
451 1871 477 1916 et
489 1867 517 1929 (a
530 1867 584 1930 om)
598 1868 625 1916 in
637 1884 712 1916 unam
730 1885 761 1917 ee
773 1869 842 1918 vivit.
857 1867 904 1929 (su
924 1870 950 1917 in
963 1868 1089 1932 quandam
1101 1868 1239 1930 civitatem)
1253 1870 1354 1934 Epypti

151 1969 215 2018 quae
229 1954 333 2002 Satinen
348 1954 377 2009 (n
391 1953 512 2012 Sutrino,
529 1967 546 2001 n
560 1952 678 2016 Selenen)
691 1955 788 2003 dieitur
800 1953 828 2015 (s
842 1953 898 2016 om)
912 1954 1020 2016 inpressi
1032 1957 1089 2001 sunt
1102 1952 1129 2014 (a
1141 1954 1316 2011 intraverunt·
1329 1952 1353 2020 {a

150 2040 203 2089 add
215 2041 361 2102 vespertina
373 2040 425 2088 diei
437 2037 512 2101 hora)
530 2043 561 2087 ut
575 2051 642 2098 sum
661 2052 697 2090 co
711 2040 828 2101 (omissis
841 2037 987 2104 prioribus)
1004 2040 1030 2087 in
1047 2054 1123 2087 unam
1140 2055 1172 2086 ev
1189 2041 1258 2088 sivit.
1277 2040 1306 2101 (n
1325 2042 1353 2089 in

149 2127 259 2190 quadam
277 2125 392 2188 civitate)
405 2141 469 2188 quae
483 2126 588 2175 Satinen
604 2125 654 2174 dic.
671 2126 739 2188 inpr.
758 2130 816 2175 sunt
836 2122 840 2188 Ι
859 2125 976 2189 quoniam
988 2124 1018 2186 (n
1032 2122 1104 2187 quia)
1118 2149 1127 2159 ·
1139 2128 1214 2173 notus
1226 2124 1254 2186 (n
1266 2126 1354 2176 nullus

148 2213 175 2259 in
192 2227 223 2260 ea
240 2214 298 2259 erat
315 2211 353 2259 eis
369 2209 453 2269 notus)
468 2211 538 2273 apud
550 2227 620 2274 quem
635 2212 743 2275 potuine.
762 2212 832 2276 hosp.
846 2210 874 2272 (n
885 2210 1091 2272 hospitarentur,
1111 2222 1128 2257 Δ
1142 2226 1159 2258 a
1171 2226 1218 2274 quo
1227 2214 1353 2274 petissent

147 2295 293 2361 hospitium)
309 2292 314 2360 Ι
328 2295 413 2360 templ.
426 2296 493 2358 inqr.
506 2300 564 2345 sunt
580 2302 611 2345 ut
624 2309 673 2356 en3
692 2308 727 2345 oo
741 2297 807 2360 impr.
827 2313 847 2345 s.
866 2296 951 2359 templ.
967 2293 970 2359 l
985 2297 1051 2359 quod
1067 2296 1134 2358 oapi.
1148 2296 1247 2361 qupti
1265 2298 1352 2348 uvvab.

149 2388 180 2432 ut
192 2396 225 2442 e3
242 2396 259 2432 a
272 2383 338 2445 quod
351 2381 417 2444 oapi.
430 2382 539 2430 eiusdem
551 2382 665 2431 vinitatis
680 2382 712 2430 ab
724 2382 846 2447 quptiis
857 2382 958 2438 norw,
976 2393 1012 2430 co
1025 2381 1091 2445 quod
1103 2382 1225 2446 Aepyptii
1242 2384 1352 2432 duellem

150 2470 263 2518 ciuitatis
275 2467 423 2531 capitolium
435 2467 568 2517 evadant.
582 2464 586 2532 l
600 2466 633 2515 In
645 2483 693 2530 quo
707 2493 715 2504 ·
728 2469 864 2531 serapinta
877 2465 920 2527 (ut
932 2480 956 2524 a,
970 2467 1035 2516 item
1048 2480 1081 2525 n;
1100 2480 1117 2514 a
1131 2468 1328 2530 quinquaginta)
1344 2495 1352 2508 ·

149 2555 175 2603 in
187 2554 333 2616 sacrilegiis
340 2553 440 2617 perhib.
460 2552 510 2615 (ite
523 2564 554 2610 A,
573 2565 589 2600 a
608 2569 626 2599 a
643 2551 778 2615 saerikpis
794 2550 995 2614 impendebatur)
1014 2557 1045 2599 ut
1057 2565 1107 2610 ea3
1127 2553 1182 2601 cin
1200 2569 1248 2616 quo
1265 2555 1354 2604 diebus

148 2640 258 2704 singulis
269 2642 349 2688 honor
360 2639 466 2688 deitatis
478 2637 613 2701 saerilepis
625 2639 812 2702 praebebatue;
832 2653 850 2688 n
869 2640 895 2686 in
907 2655 955 2702 quo
968 2638 1077 2703 Egyptii
1094 2637 1167 2686 illius
1182 2640 1298 2689 vinitatis
1315 2641 1352 2689 in·

146 2726 230 2790 pressi
242 2725 408 2774 admonebant
419 2725 565 2773 sacerdotes
574 2725 694 2788 quatinus
704 2723 813 2787 sinqulis
821 2725 873 2773 diis
884 2725 1017 2773 sewndum
1026 2725 1143 2772 hvnmem
1152 2725 1259 2773 deitatis
1268 2742 1354 2775 eorum

149 2812 280 2877 eamifieia
291 2811 421 2878 offerrent,
435 2811 461 2858 in
473 2826 521 2874 quo
536 2809 648 2858 CCCLX
652 2809 678 2856 1⁷
682 2809 762 2875 ydola
772 2811 858 2871 posita
870 2814 952 2858 erant.
979 2808 1142 2872 Conspirant
1155 2810 1208 2859 ista
1221 2812 1353 2873 aliquate-

149 2914 198 2948 nus
218 2912 276 2946 oom
296 2897 334 2946 eie
352 2911 419 2959 quse
433 2908 449 2943 Δ
463 2900 526 2959 poet
540 2895 722 2958 perhibebatur
739 2894 829 2943 addit:
855 2896 963 2959 quptii
978 2911 1037 2943 vero
1056 2895 1165 2943 eiusdem
1183 2895 1298 2943 civitatis
1316 2898 1353 2944 in·

146 2983 229 3047 pressi
238 2980 459 3045 eunteapitolium,
469 2981 496 3028 in
506 2996 554 3043 quo
564 2995 606 3028 eos
615 2980 765 3029 amovebant
773 2981 918 3029 sacerdotes
927 2985 1051 3044 quatenus
1059 2980 1110 3042 (sio
1118 2979 1236 3041 videtur)
1244 2981 1354 3043 singuiis

148 3069 199 3117 diis
211 3067 346 3115 secundum
358 3067 475 3116 honorem
487 3067 593 3114 deitatis
605 3081 690 3114 eorum
701 3065 853 3127 optulissent
863 3066 1003 3130 sandicis.

217 3153 249 3202 In
263 3151 355 3201 codiee
367 3165 384 3200 Β
398 3157 459 3215 poet
472 3151 552 3200 verbs
565 3150 652 3199 nultus
663 3154 721 3199 erat
732 3154 807 3200 notus
820 3152 900 3215 longe
913 3167 928 3199 s
941 3157 1018 3200 textu
1031 3153 1124 3201 nostro
1137 3151 1243 3202 diversa
1257 3154 1352 3216 legun·

148 3245 200 3290 tur.
225 3238 351 3303 Pergitnr
368 3237 439 3287 enim
458 3237 511 3286 sio:
533 3237 561 3285 in
579 3237 650 3284 euius
667 3237 776 3298 hospitio
794 3237 967 3295 declinarent,
984 3238 1010 3285 in
1028 3238 1100 3287 ὀοιιιο
1119 3239 1248 3286 οιιίιιιάαηι
1261 3239 1354 3288 Iudaei

148 3323 275 3389 (viduaol
301 3319 344 3372 cf.
357 3324 428 3372 intre
441 3338 499 3385 cap.
512 3322 591 3371 XXV.
606 3338 638 3371 ex
651 3322 709 3371 eod.
722 3334 756 3381 υς
774 3323 839 3372 item
853 3338 947 3387 evang.
960 3327 1081 3372 nostrum
1095 3323 1212 3373 'l'homee
1225 3324 1353 3374 Latinum

147 3412 169 3470 1,
183 3413 218 3472 3.)
230 3409 354 3472 hospitati
366 3411 431 3457 sunt.
456 3408 495 3457 Et
513 3425 567 3457 eum
582 3409 609 3456 in
621 3409 708 3457 eadem
720 3409 792 3457 domo
805 3408 928 3457 solarium
946 3413 1010 3457 esset
1027 3413 1054 3458 et
1063 3408 1199 3458 multitudo
1213 3425 1353 3473 puerorum

148 3498 182 3546 ad
194 3496 277 3545 Iesum
289 3494 414 3544 uenissent
431 3494 465 3542 ad
483 3493 607 3542 solarum
623 3493 690 3543 illud
702 3494 745 3542 ubi
756 3497 826 3552 mat,
846 3494 947 3557 quidam
965 3495 996 3542 de
1015 3495 1152 3559 infantulis
1168 3496 1276 3557 inpuleit
1290 3494 1352 3558 (eie)

146 3599 222 3632 unum
239 3582 270 3631 de
283 3581 374 3644 pueris
391 3581 423 3629 de
440 3579 552 3638 solario,
570 3580 613 3642 qui
630 3579 723 3628 cadens
741 3579 775 3627 ad
793 3583 890 3628 umam
908 3584 1020 3629 mortuus
1037 3585 1082 3629 est.
1106 3581 1145 3630 Et
1162 3598 1216 3630 vum
1230 3587 1355 3645 parentes

147 3669 241 3716 mortui
253 3667 436 3723 vuwrrmsent,
452 3681 547 3730 pueros
564 3666 752 3728 interrogantes
764 3666 808 3729 qui
819 3680 873 3714 eum
881 3667 1105 3729 praecipitaverat
1116 3668 1147 3716 de
1159 3668 1270 3726 wlario,
1290 3685 1354 3719 unus

144 3758 205 3818 post
222 3752 302 3802 alium
320 3753 471 3818 affirmabat
482 3752 543 3815 quia
555 3750 628 3801 Iesus
641 3751 865 3814 praecipitaverat
882 3768 945 3801 eum.
971 3753 1029 3801 Hae
1046 3757 1129 3802 autem
1141 3754 1273 3812 dicebant,
1293 3756 1353 3819 quia

148 3837 242 3899 (codex
254 3854 304 3887 nvn
317 3837 389 3902 quia)
401 3839 502 3902 ipnotue
511 3842 569 3886 erat
580 3838 617 3886 eis
628 3842 654 3886 et
666 3838 773 3895 dvena,
786 3842 814 3885 ut
825 3838 1037 3902 manifestaretur
1044 3841 1163 3903 potentia
1174 3841 1279 3888 virtutis
1291 3842 1353 3889 eius.

149 3925 188 3973 Et
199 3925 353 3988 hoefaetum
364 3928 410 3974 est.
431 3923 501 3973 Tune
509 3928 633 3987 parentes
644 3925 737 3972 mortui
750 3923 895 3972 clamabant
907 3929 998 3973 eontra
1010 3924 1101 3987 Ioseph
1112 3929 1139 3973 et
1151 3929 1241 3974 eontra
1254 3925 1353 3976 beatam

147 4011 269 4073 sirpinem
282 4011 407 4058 dmentem
426 4009 510 4058 nisu
521 4009 696 4074 vesterfilium
707 4026 786 4059 meum
798 4010 937 4075 interfecit,
950 4015 976 4060 et
987 4014 1101 4060 mortem
1113 4015 1158 4060 est.
1177 4011 1234 4061 Non
1244 4015 1355 4076 potestis

147 4112 236 4146 manus
247 4100 351 4145 nostrae
362 4096 478 4154 eandm,
495 4097 555 4158 quin
567 4096 750 4162 interficiamus
762 4095 834 4158 (cod.
848 4097 947 4159 aima)
961 4114 1012 4147 vos.
1037 4098 1109 4145 Iesus
1121 4102 1204 4146 autem
1217 4099 1318 4148 tacebat
1329 4103 1355 4150 et

147 4198 197 4232 non
215 4183 252 4230 eis
269 4179 445 4245 respondebat.
482 4179 611 4231 Venerunt
627 4186 709 4231 autern
726 4183 760 4232 ad
777 4182 860 4232 Iesum
877 4183 1009 4233 Mariani
1026 4183 1118 4247 Ioseph
1134 4188 1160 4233 et
1178 4185 1300 4235 dixerunt
1316 4187 1354 4235 eii

149 4268 284 4325 Miserere,
296 4268 415 4317 miserere
424 4267 530 4316 domine.
549 4266 582 4315 In
595 4270 667 4316 terra
676 4268 741 4316 enim
749 4283 834 4317 sumus
844 4273 977 4328 extranea,
990 4274 1015 4318 et
1024 4270 1069 4318 isti
1078 4270 1191 4319 emanant
1201 4275 1291 4320 contra
1301 4287 1353 4321 noe.

150 4355 219 4404 ibone
231 4353 303 4404 Iesus
319 4353 448 4402 deseendit
459 4353 491 4401 de
502 4351 614 4410 solario,
633 4355 733 4402 vocavit
748 4369 835 4402 nomen
852 4355 929 4418 pueri
947 4355 990 4418 qui
1007 4355 1107 4404 iacebat
1122 4371 1198 4418 super
1216 4361 1311 4406 terram
1331 4362 1356 4406 et

147 4441 228 4490 dieite
246 4440 321 4490 Zenv.
349 4438 400 4500 Qui
414 4438 562 4501 respondite
577 4438 694 4488 Domine.
719 4439 843 4504 Diaitque
861 4439 904 4488 illi
916 4439 1001 4489 Iesus:
1024 4439 1114 4490 Utrum
1123 4443 1355 4507 praecipitaverint
