2962 4912
137 316 273 363 LXXXIV
606 287 880 346 Paouuuoilnua

139 452 245 518 Cura
267 450 462 516 sanitatis
484 448 654 531 Tiberii,
677 469 762 532 quae
784 449 987 531 inscribitur,
1011 449 1162 532 quamvis
1185 470 1225 514 ex
1250 449 1344 515 codd.

139 564 248 629 octavi
270 569 304 627 et
326 562 404 627 noni
427 560 551 626 saeculi
573 561 766 640 innotuerit,
789 565 899 625 aetate
913 559 1054 625 inferior
1070 560 1115 625 sit
1130 582 1231 643 quam
1246 559 1345 628 Vin·

140 674 251 739 dicta
272 672 509 739 Salvatoris.
854 738 859 750 ,

226 782 382 849 Codicum
412 788 600 847 nostrorum
627 783 710 847 alter
744 788 794 847 est
821 782 999 849 Venetus
1027 781 1190 848 Marcian.
1224 783 1263 847 cl.
1293 781 1344 847 ΙΙ.

139 896 209 962 cod.
223 895 344 975 XLV.
367 894 450 961 alter
466 893 646 960 Mediolon.
668 894 851 960 Ambros.
875 893 972 960 035.
995 893 1117 959 saeculi
1139 894 1207 959 fere
1229 894 1344 976 quarti

139 1007 266 1074 decimi.
310 1004 453 1070 'Pontum
477 1026 554 1070 vero
577 1005 871 1088 anglosaxonicam
888 1005 1092 1073 Goodwinus
1114 1004 1226 1070 hausit
1248 1026 1266 1070 e
1290 1026 1344 1069 co·

139 1118 210 1182 dice
235 1115 312 1182 bibl.
334 1115 423 1199 publ.
448 1115 648 1198 Cantabrig.,
671 1117 728 1199 qui
751 1126 865 1181 estex
888 1115 1064 1182 donatione
1086 1137 1184 1199 quam
1208 1115 1344 1181 Leofric

139 1229 313 1311 episcopus
336 1227 411 1292 aedi
435 1226 615 1293 cathedrali
631 1226 789 1293 Uxelensi
806 1228 957 1309 (Eneter)
974 1229 1107 1292 ineunte
1127 1227 1261 1292 saeculo
1277 1226 1344 1291 XI.

138 1339 226 1405 fecit.
275 1338 376 1404 Alter
401 1343 515 1403 textus
544 1360 640 1421 quem
670 1339 811 1404 diximus
839 1339 943 1421 aaaxb,
975 1344 1025 1403 est
1057 1338 1181 1403 codicis
1210 1338 1344 1405 Cotton.

138 1451 215 1516 bibl.
238 1449 338 1532 Vesp.
361 1449 394 1513 D
420 1453 468 1514 14.
513 1450 554 1515 In
577 1450 640 1515 boc
662 1450 785 1533 legatio
809 1449 976 1514 Nathanis
999 1449 1070 1515 sola
1092 1449 1253 1532 traditur,
1279 1450 1343 1514 sin·

139 1562 248 1645 gnlari
272 1560 414 1643 quadam
438 1561 578 1627 dialecto
602 1560 858 1645 anglosaxonica
880 1562 1013 1644 scripta.

219 1702 327 1709 ....-—-.
347 1702 352 1709 v

143 1771 210 1820 ilaec
232 1788 291 1821 asro
317 1777 376 1834 post
398 1787 493 1821 meam
514 1772 602 1823 VIIII
625 1775 676 1820 iam
698 1772 803 1821 στιάων
825 1773 852 1819 iu
869 1771 929 1821 lesu
948 1770 1048 1820 Christo
1069 1770 1185 1821 Tiberias
1203 1772 1302 1821 Caesar
1318 1778 1344 1822 et

139 1871 217 1905 som
231 1856 324 1920 foetus
342 1873 359 1904 a
373 1856 456 1921 playa
473 1857 577 1921 siringii
595 1872 668 1922 quom
685 1857 782 1914 mouit,
801 1861 956 1906 elmericus
973 1860 1010 1905 eri
1028 1857 1055 1904 in
1073 1856 1166 1906 lectolo
1184 1873 1229 1906 no
1248 1874 1342 1906 recom-

140 1944 199 1992 bene
220 1942 303 2006 (apud
322 1943 435 2009 Poggin.
456 1944 556 2008 legitur
574 1945 708 1994 Tiberium
733 1945 904 2008 proposuisse
927 1943 1033 1992 senatui
1056 1948 1088 1992 ut
1106 1942 1195 1993 Issum
1214 1959 1343 2009 agnosce·

139 2035 201 2078 rant
224 2044 313 2078 verum
341 2035 370 2079 st
397 2044 525 2079 summum
550 2030 640 2087 deum,
668 2033 839 2094 statuamque
866 2030 923 2078 aius
946 2043 1009 2092 praa
1033 2027 1155 2078 omnibns
1179 2030 1280 2079 ceteris
1304 2030 1342 2079 in·

139 2113 242 2177 signam
261 2113 319 2162 urbi
339 2112 518 2177 dedicarent).
556 2113 613 2162 ste.
