2962 4912
169 288 232 351 472
562 292 729 343 vruurcrr
748 294 972 345 ssuvsroara

171 441 287 506 urbem
309 440 505 507 Romanam.
548 443 642 509 Erat.
661 449 771 508 autem
793 444 948 510 Tiberius
976 446 1111 510 insanus
1139 450 1172 510 et
1196 443 1368 510 ulceribus

172 551 205 610 et
232 545 376 611 febribus
404 547 533 629 plenus,
566 569 746 631 novemque
776 569 898 630 genera
925 549 1037 631 leprae
1065 549 1220 614 babebat
1270 548 1369 616 ³V0·

171 645 299 730 luitque
322 646 459 712 Nathan
482 648 523 714 ad
545 649 660 714 urbem
682 648 866 715 Romanam
889 671 1034 734 pergere.
1079 648 1268 716 Insufflavit
1290 672 1368 715 vero

173 757 288 815 ventus
317 753 583 834 septentrionalis
607 761 639 818 et
662 753 831 836 impedivit
853 754 1022 837 navigium
1044 753 1147 833 illius,
1176 759 1210 818 et
1231 752 1370 818 deduxit

174 852 249 917 eum
277 853 319 917 ad
347 862 478 935 portum
500 854 618 920 Libiae
646 856 797 922 civitatis,
841 855 968 923 Videns
995 862 1104 921 autem
1127 854 1223 920 Titus
1250 875 1369 920 navem

173 955 357 1020 venientem
386 960 542 1040 cognorit
569 959 656 1042 quod
685 959 724 1024 dc
752 959 877 1024 Iudaea
908 964 1011 1023 esset:
1044 963 1078 1022 et
1107 958 1260 1023 admirati
1293 963 1371 1021 sunt

175 1079 289 1122 omnes
312 1067 345 1122 et
368 1058 520 1125 dixerunt
542 1061 631 1145 quod
654 1083 820 1145 nunquam
844 1060 993 1125 viderant
1014 1061 1150 1144 aliquod
1172 1061 1299 1144 lignum
1323 1061 1369 1123 sic

175 1159 251 1225 inde
279 1163 415 1227 venisse.
459 1164 597 1229 ⁴Iussit
625 1173 733 1230 autem
763 1164 859 1230 Titus
890 1164 1080 1229 nauclerum
1109 1164 1221 1228 venire
1253 1162 1294 1227 ad
1327 1184 1371 1242 se,

176 1270 210 1328 et
244 1266 459 1350 interrogavit
490 1268 642 1351 quisnam
679 1275 775 1333 esset.
834 1268 880 1332 Et
911 1268 995 1333 dixit
1025 1268 1099 1350 Ego
1132 1290 1203 1332 sum
1234 1266 1371 1332 Nathan

177 1368 264 1434 filius
291 1370 400 1435 Naum
429 1372 468 1436 de
497 1393 615 1453 genere
642 1372 881 1454 Imaelitarum‚
913 1378 947 1437 et
975 1372 1126 1437 subditus
1154 1393 1226 1436 sum
1254 1371 1288 1434 in
1316 1370 1371 1435 Iu·

177 1472 259 1537 daea
279 1471 402 1537 Pontio
426 1471 543 1537 Pilato.
588 1473 634 1538 Et
656 1475 775 1538 missus
799 1496 870 1538 sum
893 1480 930 1539 ut
952 1474 1034 1538 irem
1056 1473 1098 1538 ad
1120 1472 1292 1538 Tiberium
1315 1473 1372 1536 im·

177 1583 363 1658 potatorem
394 1576 581 1641 Romanum
613 1577 654 1642 ad
685 1577 884 1660 portandum
913 1583 1047 1660 pactum
1078 1578 1118 1643 de
1146 1575 1280 1641 Iudaea.
1326 1575 1372 1640 Et

177 1678 277 1743 irruit
299 1678 424 1743 validus
447 1686 563 1744 ventus
590 1680 625 1744 in
653 1680 735 1745 mari
764 1686 798 1744 et
825 1678 963 1745 adduxit
990 1701 1041 1745 me
1070 1680 1105 1744 in
1128 1684 1252 1744 terram
1274 1700 1373 1761 quam

179 1801 299 1845 nescro.

266 1899 279 1937 ¹⁵
299 1899 346 1964 Et
368 1901 416 1965 ait
437 1898 533 1964 Titus
556 1900 593 1966 si
616 1900 793 1984 aliquando
817 1922 932 1984 posses
957 1901 1104 1966 invenire
1130 1900 1276 1983 aliquam
1305 1920 1374 1963 rem

180 2007 237 2066 aut
268 2002 511 2085 pigmentorum
543 2010 600 2069 aut
629 2004 807 2069 herbarum
839 2024 923 2087 quae
953 2003 1079 2068 valeret
1109 2023 1225 2068 curare
1256 2002 1375 2066 vulnus

180 2103 269 2187 quod
296 2105 330 2168 in
358 2105 442 2171 facie
470 2105 591 2186 habeo,
620 2112 658 2170 ut
679 2105 784 2189 vides,
812 2112 849 2169 ut
871 2125 970 2170 sanus
992 2104 1104 2169 fierem
1132 2110 1167 2168 et
1192 2103 1376 2186 reciperem

182 2374 245 2422 ciuis
263 2373 371 2422 Israelis
391 2372 395 2436 Ι
418 2390 514 2424 eorum:
534 2375 573 2424 ita
590 2374 670 2434 Amb3
691 2373 748 2424 Van
766 2389 809 2422 om
830 2371 835 2434 1
855 2337 959 2422 insanus
976 2377 1002 2422 et
1018 2398 1028 2409 ·
1048 2373 1136 2435 leprae
1153 2371 1275 2421 babebat:
1304 2370 1377 2421 ASu

183 2459 248 2509 llaec
267 2461 373 2510 brevius
392 2461 488 2510 hebet:
508 2461 643 2511 laborabat
660 2478 691 2510 ea
708 2463 791 2510 uariis
808 2460 952 2510 uulneribus
969 2466 998 2509 ui
1015 2460 1164 2527 afficeretur
1183 2459 1266 2522 lepra.

268 2557 293 2604 3.
318 2571 392 2603 nero:
412 2569 443 2604 ex
461 2554 537 2604 ASax
556 2555 662 2616 audium
681 2556 710 2605 in
728 2557 815 2605 lutino
833 2570 888 2604 uon
907 2559 957 2605 est.
972 2553 977 2617 1
992 2560 1017 2603 el
1034 2554 1165 2617 inrpedioit
1181 2579 1191 2589 ·
1210 2552 1303 2602 Lebiae
1321 2553 1379 2601 sini·

183 2641 246 2691 tatis
264 2657 323 2690 cum
341 2643 406 2692 Amb
427 2642 505 2705 (item
522 2641 611 2704 ASax)
634 2677 641 2690 .
659 2677 666 2690 .
695 2643 753 2692 Veu
772 2647 798 2692 ei
813 2643 923 2692 intrauit
939 2642 1067 2706 naoipium
1084 2641 1157 2690 illius
1173 2641 1201 2688 in
1215 2645 1321 2703 portum
1338 2639 1381 2702 qai

184 2730 222 2775 ert
239 2729 266 2774 in
284 2729 387 2777 ciuitate
406 2727 466 2776 libia
486 2727 490 2789 1
511 2729 576 2791 quod
593 2744 719 2791 nunquam
736 2753 746 2763 -
764 2728 860 2777 venisse
882 2743 941 2776 cum
960 2727 1026 2776 Amb
1045 2761 1072 2776 ..
1091 2725 1148 2776 Vsu
1168 2729 1294 2788 corrupte
1312 2740 1379 2772 nam·

184 2813 245 2877 quid
264 2813 331 2862 talia
349 2815 456 2863 vidimus
473 2813 577 2862 aliunde
595 2850 621 2863 ..
639 2813 715 2862 ΑΒΜ
734 2814 868 2877 Nunquam
886 2817 962 2862 antea
984 2813 1093 2861 uidimue
1114 2815 1166 2860 iarn
1187 2811 1252 2860 mire
1267 2811 1379 2874 facium,

184 2902 213 2946 ui
231 2898 323 2946 Iudaei
339 2899 449 2946 uomina
466 2899 578 2947 uenirent
594 2899 642 2946 leuc
659 2914 732 2947 nana.

271 2995 297 3041 4.
328 2993 407 3041 lussit
424 3020 434 3031 -
452 2992 598 3040 nauclerum
620 2993 672 3049 (ite
694 2993 774 3051 Amb3
802 2993 860 3042 Van
882 2990 980 3052 narem)
999 3016 1009 3026 -
1028 2991 1142 3054 quisnam
1164 2991 1230 3038 esaei
1251 3024 1283 3039 ..
1306 2986 1381 3037 ASnx

188 3079 253 3128 boec
278 3078 368 3141 paullo
391 3077 473 3126 lntlue
492 3079 530 3126 eie
549 3078 688 3141 exprimit:
716 3077 795 3144 iprae
811 3081 913 3142 roqaoit
931 3077 1042 3140 aliquem
1059 3081 1087 3125 ut
1105 3081 1219 3124 meres
1236 3077 1262 3124 ei
1279 3077 1382 3123 roraret

185 3166 221 3215 ad
243 3182 269 3214 ss
291 3181 344 3214 eum
367 3166 409 3228 qui
432 3168 496 3215 esset
514 3163 671 3226 principalis
691 3165 733 3212 oir
756 3166 783 3213 in
799 3180 871 3214 naor.
907 3165 945 3213 Er
964 3163 1069 3212 Nasum
1085 3164 1154 3212 senii
1172 3160 1244 3210 illico
1263 3162 1298 3210 ad
1315 3177 1380 3210 euru.

187 3252 226 3300 Et
247 3251 326 3316 lym
344 3252 512 3314 interroqaoit
529 3266 583 3299 eum
600 3254 625 3298 ei
642 3250 710 3298 dixit
731 3249 794 3311 Quis
810 3265 838 3298 ee
854 3253 882 3298 iu
900 3249 1065 3305 inveritate,
1090 3250 1135 3295 aut
1156 3246 1222 3294 unae
1244 3246 1352 3295 emesa
1376 3243 1380 3301 Ι

188 3337 226 3386 Εἰ
243 3336 312 3385 dixit
328 3337 387 3398 Epo
404 3360 415 3370 ·
432 3335 622 3385 Ismaeliiarum
639 3334 711 3397 (cod.
726 3349 817 3382 rursus
834 3333 1054 3399 iysrnaeliiarum
1073 3330 1139 3380 Amb
1158 3344 1219 3379 vcro
1235 3328 1382 3392 qrecorum)

187 3446 199 3457 ·
216 3437 289 3484 quam
307 3421 404 3470 nescio:
421 3420 497 3470 ASax
515 3421 619 3469 Nathan
637 3419 768 3482 respondit
785 3418 810 3466 ei
827 3422 852 3466 st
868 3418 936 3466 diets
954 3417 1012 3480 Epo
1029 3431 1084 3464 sum
1101 3414 1215 3468 bauan.
1225 3413 1306 3478 fliiur
1315 3412 1383 3469 Nau,

188 3513 213 3556 ei
231 3509 287 3555 oeni
304 3509 351 3555 huc
369 3524 385 3554 a
406 3507 527 3556 Graecia.
563 3507 601 3556 Es
618 3522 687 3555 eram
706 3506 774 3568 apud
793 3505 911 3561 Iudaeos,
929 3502 1054 3552 moreau
1071 3501 1164 3550 Pontio
1181 3500 1286 3556 Pilai05
1307 3503 1385 3562 atque

106 3614 109 3620 ·
188 3597 240 3642 ium
263 3594 353 3642 neurus
376 3609 445 3642 eram
466 3597 496 3642 ui
519 3596 582 3642 irem
605 3595 639 3642 ad
662 3595 839 3657 imperatorem
859 3590 983 3639 liberium
1005 3592 1032 3637 es
1046 3588 1147 3652 serrem
1164 3587 1279 3636 mnrium
1296 3586 1352 3634 eius
1369 3601 1385 3632 a

189 3679 289 3727 Iudaea
300 3679 415 3729 Romam.
442 3679 493 3728 Sed
505 3680 651 3729 contrarius
663 3685 751 3728 centus
766 3676 910 3742 nupervenil
924 3690 963 3725 me
981 3680 1005 3724 et
1022 3674 1097 3722 amu
1113 3688 1151 3722 me
1167 3673 1195 3721 in
1212 3673 1278 3720 buno
1295 3671 1384 3728 baum,

188 3773 217 3816 ui
233 3766 276 3814 ubi
293 3769 340 3815 einr
356 3768 475 3815 nesciam.

276 3863 301 3910 5.
328 3860 514 3924 utaliquando
532 3885 542 3896 ·
560 3862 586 3908 s'n
602 3861 679 3925 faeie
695 3861 772 3910 habeo
791 3874 849 3908 cum
868 3858 948 3917 Amb;
972 3871 1059 3920 neque
1078 3854 1169 3904 differt
1186 3851 1262 3902 ASax
1280 3886 1307 3901 ..
1328 3850 1385 3900 Ven

192 3948 222 3996 st
244 3948 382 4011 aliquando
403 3963 491 4010 posses
512 3948 614 3995 herbam
637 3948 749 3995 inuenire
772 3948 816 3994 aui
834 3945 948 4008 aliquam
968 3944 1152 4006 piqmentorum
1170 3952 1257 3988 euram
1277 3942 1387 4002 propter

191 4033 365 4098 infirmitatem
383 4034 498 4097 eorporis
514 4033 562 4082 mei
574 4047 638 4095 quae
655 4036 692 4080 erl
710 4032 736 4079 in
746 4032 822 4096 facie
838 4045 894 4078 msa
908 4029 913 4088 1
928 4027 1016 4076 multia
1027 4026 1097 4075 bonie
1109 4039 1239 4087 eroqarsm
1251 4026 1291 4071 ie:
1310 4020 1387 4070 ASnx

191 4120 300 4169 daturus
317 4135 394 4168 esrem
412 4120 459 4168 stoi
476 4118 686 4167 remunerationis
704 4132 794 4165 nausea
812 4117 865 4164 eine
882 4113 936 4163 ullo
948 4111 1023 4161 dubio
1041 4113 1139 4160 tantam
1150 4109 1210 4157 ouri
1227 4107 1269 4156 nel
1285 4107 1388 4170 arpenti

192 4212 312 4271 quantum
328 4206 414 4264 neuen,
434 4210 571 4270 posteaque
589 4209 614 4252 te
631 4218 707 4252 errem
724 4203 848 4251 ducturae
864 4202 891 4250 in
905 4198 1080 4262 praesentiam
1101 4194 1195 4244 moerin·
1212 4193 1386 4255 imperatoris.

191 4293 233 4342 Ab
252 4293 301 4341 hcc
320 4291 383 4341 inde
401 4292 461 4339 loeo
475 4279 565 4338 asnxb
579 4288 663 4338 multo
672 4288 782 4337 brevior
794 4293 836 4336 est
850 4286 878 4334 in
890 4281 1023 4333 tradendo
1035 4279 1169 4330 Nstbanis
1183 4278 1296 4327 historie
1310 4291 1389 4340 quom

191 4376 281 4427 ASsx:
301 4376 352 4426 huc
371 4390 453 4440 unque
472 4390 533 4424 vero
553 4389 606 4424 non
626 4374 665 4423 ito
683 4373 800 4436 graviter
818 4369 986 4418 differebant.
