2962 4912
596 340 863 396 PROIAEGOHENA·
1191 351 1318 399 mm

163 491 314 560 erundum
336 491 497 558 Thomem
525 496 729 578 evangelium
739 497 780 580 ¹),
806 503 840 561 et
861 495 903 560 sb
924 493 1107 571 Irenaeo,
1133 509 1199 573 quo
1220 488 1317 554 titulo

161 603 267 689 quidem
288 603 365 669 libri
388 605 491 669 tecito
510 605 655 672 fabulam
669 606 908 673 Merousiorum
930 603 1026 672 effert
1044 602 1080 668 in
1101 601 1183 667 libro
1205 606 1317 665 nostro

160 717 292 797 scriptam
303 715 340 796 ¹).
385 715 515 802 Quibus
536 720 684 800 proxime
706 718 930 802 adiungendus
953 724 1004 782 est
1024 721 1164 782 auctor
1181 710 1318 781 Philo·

157 825 464 909 sophumeuorum
492 828 646 912 Origenis
674 830 804 895 nomine
832 850 936 913 nuper
966 828 1139 907 editorum,
1169 821 1318 905 aequalis

154 944 223 1004 corte
241 936 405 1021 Origeuis,
427 940 491 1003 nisi
513 940 598 1005 forte
620 948 672 1006 est
690 941 902 1024 Hippolytus.
944 939 1011 1004 Hic
1033 954 1162 1021 quoque
1185 955 1225 999 ex
1246 914 1318 1015 ipio

151 1047 312 1114 secundum
328 1050 488 1116 Thomem
511 1053 680 1135 evangelio
702 1052 835 1118 haurire
857 1051 1000 1133 sedicit,
1022 1067 1220 1133 quemquem
1234 1063 1320 1127 queo

148 1159 229 1225 effert
245 1160 347 1225 verbe
368 1162 403 1225 in
425 1162 618 1246 fragmentis
635 1185 720 1247 quse
742 1161 903 1247 hodieque
926 1167 1101 1244 supersunt
1121 1179 1188 1223 non
1208 1156 1319 1238 legun·

147 1270 230 1352 tur³).
260 1271 386 1355 Arguit
400 1278 510 1338 eutem
529 1296 566 1339 eo
588 1276 674 1340 libro
697 1297 774 1340 usos
797 1295 868 1340 esse
882 1273 1071 1340 Neesseuos
1086 1271 1320 1336 constituentes

144 1387 258 1447 sectam
287 1385 471 1466 gnosticam
500 1387 632 1451 saeculo
664 1386 806 1452 secundo
834 1387 902 1451 fere
930 1384 1083 1465 medi0⁴):
1113 1381 1199 1446 unde
1223 1376 1321 1462 qu'sm

141 1514 230 1576 greve
243 1495 394 1560 ‘eximiae
417 1497 629 1579 antiquitatis
652 1497 811 1580 evangelii
827 1496 1004 1563 secundum
1019 1493 1180 1559 Thomem
1193 1509 1321 1555 sumen·

141 1603 208 1668 dum
230 1604 276 1670 sit
299 1612 538 1690 argumentum,
559 1609 595 1672 in
617 1616 748 1690 promtu
771 1613 829 1672 est.
872 1608 907 1672 A
925 1607 1043 1690 quibus
1065 1601 1198 1670 secundi
1221 1607 1254 1667 et
1274 1599 1321 1663 in-

141 1716 241 1781 euntis
269 1718 363 1781 tertii
385 1719 507 1783 saeculi
530 1721 728 1785 testimoniis
750 1718 951 1802 pergendum
973 1724 1024 1783 est
1044 1717 1086 1782 ed
1107 1712 1323 1780 Eusebium

140 1836 168 1892 et
186 1825 386 1910 Cyrillum
407 1828 839 1914 Hierosolymitenum,
864 1851 1002 1914 quorum
1024 1828 1081 1893 ille
1103 1824 1248 1892 exhibito
1271 1843 1323 1886 ce·

139 1939 326 2004 nouieorum
357 1942 553 2023 scriptorum
585 1943 736 2025 catalogo
768 1941 972 2024 evangelium
998 1940 1146 2005 Thomee
1176 1937 1326 2001 recenset

139 2089 235 2161 Χαρὸμ
259 2093 293 2145 δὲ
316 2094 452 2147 λαΒοῦσα
472 2093 592 2168 Μαριὰμ
615 2095 697 2148 denies
715 2091 974 2164 ωρὸσἘλισαΒετ
999 2103 1052 2147 etc.
1089 2096 1190 2155 Quibus
1209 2110 1240 2144 ex
1258 2092 1325 2142 locis

140 2180 182 2229 loc
199 2180 342 2245 prebebile
359 2184 403 2242 iit,
428 2182 561 2233 Iustinum
580 2185 733 2234 memoriter
751 2184 905 2234 efferentem
924 2197 992 2246 quse
1011 2181 1082 2230 circs
1099 2180 1200 2229 Merite
1218 2177 1325 2227 nuntie·

141 2268 233 2317 tionem
252 2269 375 2332 legisset,
394 2284 453 2318 cum
472 2271 609 2320 cenonicis
628 2272 716 2321 serbis
735 2270 932 2321 commiscuisses
951 2267 1111 2333 spocryplre,
1130 2263 1277 2330 etquidem
1296 2276 1327 2312 es

141 2368 197 2418 quse
217 2354 365 2405 stimuum
383 2357 413 2405 in
430 2359 634 2421 proterengelio
653 2358 754 2422 scripte
772 2358 928 2422 reperimus.

215 2438 238 2501 ¹)
257 2439 384 2505 Origenie
403 2442 483 2491 verbs
502 2457 532 2491 ex
552 2450 642 2493 vetere
661 2444 810 2507 interprete
829 2446 893 2493 suut
912 2441 972 2490 Soio
990 2440 1146 2504 evangelius»
1158 2437 1223 2503 quod
1240 2435 1327 2500 appel·

141 2524 202 2573 iotsr
212 2527 348 2575 mmm
362 2526 487 2585 mam,
506 2531 531 2576 et
549 2531 622 2578 iscla
634 2529 781 2587 Matthias»,
800 2533 826 2578 et
843 2529 899 2578 alio
913 2527 995 2591 plere
1013 2528 1125 2591 Ζαρίναν,
1142 2541 1173 2574 sse
1185 2524 1245 2588 quid
1258 2523 1328 2586 ipsso·

140 2627 192 2661 rm
209 2614 362 2672 riderem,
380 2621 489 2677 propter
506 2632 549 2666 sos
566 2618 609 2680 qui
625 2633 652 2666 se
666 2619 761 2680 petunt
779 2615 879 2679 aliquid
896 2617 963 2664 ecs're
980 2616 1003 2664 εἰ
1020 2616 1072 2664 ista
1089 2614 1258 2676 copeoeers'sst.

216 2694 240 2758 ²)
260 2697 365 2748 irenaei
388 2701 464 2749 locus
488 2704 530 2750 est
552 2701 613 2750 κᾶν.
633 2702 735 2751 heeres.
754 2700 780 2758 1,
799 2703 841 2750 20.
876 2694 959 2764 Πρόσ
981 2696 1012 2747 δὲ
1033 2690 1156 2747 τούτοισ
1173 2687 1328 2762 ἁμύθκτομ

141 2776 258 2829 ωλὴθοσ
281 2775 472 2850 ἁωοκρύῴωμ
497 2782 538 2832 καὶ
562 2776 661 2852 μόθωμ
680 2779 820 2850 γραῲώμ,
843 2776 883 2832 ἂσ
902 2780 985 2833 αὐτοὶ
1005 2780 1145 2847 ἓωλασαμ
1163 2774 1328 2845 ωαρεισῴἑ-

141 2880 229 2934 ρουσιμ
257 2869 303 2918 elo
327 2863 507 2938 xordmllsspp
530 2866 594 2938 reip
618 2864 763 2938 dposirocp
788 2867 830 2918 καὶ
847 2864 886 2919 τὰ
904 2864 965 2918 riso
982 2864 1127 2918 ἁλκθείασ
1145 2863 1185 2934 μὴ
1205 2862 1328 2914 &miore-

143 2951 236 3020 μὲμωμ
255 2948 424 3021 γράμματα.
458 2948 811 3024 ωροσωαραλαμθὰμουσι
831 2952 863 3003 ὁὲ
881 2960 935 3006 ete.
955 2955 1019 3005 inde
1037 2970 1052 3004 s
1069 2952 1328 3020 mpoomopoltopli.

140 3047 218 3090 totum
242 3043 333 3093 locum
355 3043 545 3107 adscripsimus
568 3046 704 3108 pag.140.
740 3042 772 3092 In
792 3044 892 3093 nostris
912 3042 1046 3106 evengelii
1064 3041 1180 3110 Thomse
1198 3039 1329 3090 recensio·

140 3129 209 3179 uibus
228 3131 265 3179 cf.
281 3145 376 3195 graece
389 3133 410 3179 Δ
423 3130 470 3187 Vl,
483 3133 513 3180 4:
533 3146 627 3195 graece
640 3133 662 3179 B
680 3129 741 3189 VII,
754 3133 783 3179 2:
802 3131 889 3181 lstiue
902 3131 948 3187 vl,
960 3131 988 3180 7:
1008 3129 1223 3179 Pseudo-Mettis.
1233 3125 1327 3176 ml.

217 3212 241 3276 ³)
260 3212 302 3265 Cf.
321 3215 394 3280 Orig.
410 3217 657 3281 Philosophumeus
675 3216 717 3266 ed.
736 3217 818 3265 Emm.
831 3217 923 3266 Miller
941 3215 1026 3265 Oxou.
1039 3214 1115 3264 1851.
1134 3229 1161 3278 p.
1174 3214 1232 3262 101.
1260 3208 1328 3273 mepi

140 3293 174 3349 iio
196 3298 353 3368 &suppliessp
379 3299 410 3370 ἐμ
438 3297 485 3364 τῷ
513 3297 585 3351 κατὰ
605 3299 720 3371 Θωμᾶμ
749 3300 990 3370 ἐωιγραῴομὲμῳ
1017 3296 1182 3364 εὐαγγελίῳ
1208 3294 1330 3361 ωαραὸι·

140 3377 216 3435 tonus
241 3383 391 3453 λέγομτεσ
415 3382 519 3436 οὕτωσ
536 3384 616 3456 Ἐμὲ
640 3385 656 3436 ὁ
682 3383 782 3455 ζμτῶμ
806 3381 922 3452 εὑρήσει
948 3385 981 3453 ἐμ
1005 3382 1136 3435 monticlo
1159 3377 1225 3433 ᾰωὸ
1250 3377 1330 3447 {reip

139 3466 227 3522 ἑωτὰ·
264 3470 323 3521 ἐκεῖ
343 3466 399 3537 γὰρ
423 3470 456 3540 ἐμ
478 3469 524 3537 τῷ
547 3462 860 3539 τεσσαρεσκαιδεκότῳ
883 3469 966 3542 αῐαδμι
987 3465 1167 3540 κρυθὸμεμοσ
1185 3464 1330 3536 ῲαμεροῡ-

140 3574 190 3625 μαι.
225 3554 317 3607 τοῦτο
344 3556 375 3608 δὲ
401 3555 452 3608 οὐκ
476 3555 537 3608 ἔστι
555 3556 688 3625 Χριστοῦ
713 3555 790 3609 ἀλλὰ
807 3552 1038 3624 Ἰωωοκρότουσ
1061 3537 1330 3624 λέγομτοσἘωτα

138 3640 212 3713 ἑτῶμ
231 3647 311 3695 ωαῖσ
329 3641 452 3711 ωατρόσ
471 3642 572 3715 ἥμισυ·
604 3644 674 3715 ὄθεμ
695 3638 776 3696 οὗτοι
795 3642 852 3715 reip
872 3642 1038 3713 ἁρχέγομομ
1059 3638 1145 3712 timp
1164 3638 1228 3709 τῶμ
1247 3638 1329 3709 ὄλωμ

121 3728 168 3798 ’ἐμ
184 3725 346 3799 ὀρχεγόμῳ
364 3730 511 3799 τιθέμεμοι
531 3730 693 3801 σωὲρματι,
711 3728 748 3783 τὸ
765 3725 984 3799 ῑωωοκράτειομ
1003 3723 1169 3780 ἁκκκοότεσ
1188 3724 1231 3778 ὄτι
1250 3723 1331 3794 {erip

140 3813 223 3884 ciprum
247 3813 370 3884 ωατρὸσ
393 3816 515 3884 ωαιὸῑομ
539 3814 621 3869 ἐωτὰ
644 3815 737 3887 ἑτῶμ,
762 3817 794 3887 ἐμ
818 3820 884 3868 τοῖα
905 3814 1044 3881 τέσσαρσι
1065 3813 1121 3880 [καὶ
1140 3813 1221 3879 δέκα]
1239 3811 1330 3880 ᾠασίμ

139 3898 211 3951 ἔτεσι
236 3898 310 3952 κατὰ
328 3897 382 3970 τόμ
403 3900 518 3973 θωμᾶμ
538 3902 610 3972 εἷμαι
630 3897 868 3972 ᾠαμερούμεμομ.
904 3902 947 3953 Cl.
967 3918 1025 3952 enm
1044 3903 1105 3952 istis
1123 3897 1176 3968 ἐμὲ
1195 3897 1212 3947 ὁ
1231 3893 1330 3964 ζητῶμ

139 3981 250 4051 εὑρήσει
275 3984 307 4052 ζμ
330 3984 462 4037 mustiole
485 3989 712 4039 Pseudo-Metth.
733 4004 828 4053 eveng.
848 3986 931 4045 XXX,
949 3988 974 4037 4.
1010 3986 1060 4035 sui
1077 3987 1144 4034 ister
1161 3999 1205 4033 eos
1222 3999 1277 4032 cem
1294 3984 1331 4031 iss·

132 4071 247 4135 festibus
265 4080 319 4122 etc.

218 4157 243 4222 ⁴)
263 4158 306 4209 ΟΥ.
327 4160 401 4224 Orig.
420 4159 522 4210 Philus.
541 4176 567 4225 p.
584 4161 625 4210 94.
662 4157 715 4223 [oi]
738 4153 954 4224 ἑωικλμθέμτεσ
974 4151 1152 4222 Ναασσκροί
1171 4147 1209 4217 τῇ
1228 4147 1331 4215 &Epaioi

139 4239 224 4311 ψωμῷ
249 4239 355 4293 οὕτωσ
379 4241 607 4311 ὠμομασμέμοι·
645 4232 723 4310 princ
741 4239 773 4291 δὲ
792 4239 808 4290 ὁ
828 4235 901 4307 ὄῲισ
920 4240 1054 4289 καλεῒται.
1090 4231 1165 4305 μετὰ
1182 4233 1214 4285 δὲ
1236 4231 1332 4285 ταῦτα

138 4322 326 4396 ἑωεκόλεσαμ
346 4323 477 4378 {noreio
497 4329 520 4378 Γ
522 4321 695 4396 μωστικοὺσ.
731 4327 834 4377 Ibidem
852 4343 880 4391 p.
898 4327 956 4376 277.
981 4324 1006 4373 εῑ
1023 4320 1055 4372 δὲ
1075 4320 1115 4371 καὶ
1135 4318 1232 4386 ἕτεροί
1249 4333 1331 4388 τιμεσ

139 4412 260 4479 αἰρέσεισ
278 4407 478 4480 ὠμομόζομτο
500 4408 627 4480 Καῑμῶμ,
641 4405 783 4477 Ὀᾡιτώμ
803 4416 855 4460 eto.
