2962 4912
144 263 185 327 74
352 266 688 319 ΡΒΕΠΒΟΜΔΤΤΗΑΕΙ
706 267 948 320 avuncunlum.
976 266 1054 318 CAP.
1073 266 1136 318 111.

144 437 248 481 manu
270 418 397 499 angeli.
428 417 584 485 Vocatus
606 424 660 483 est
675 425 792 484 autem
809 423 844 483 et
859 416 989 500 Ioseph
1010 416 1054 482 ad
1070 416 1192 498 altare,
1215 423 1250 482 et
1266 416 1351 482 data

145 525 198 583 θεῖ
219 519 251 582 ei
273 541 365 602 aqua
380 521 572 603 potationis
590 520 736 586 domini:
759 543 862 605 quarn
884 520 915 585 si
931 525 1109 602 gustasset
1129 518 1232 584 horno
1255 540 1351 584 men·

143 622 235 687 tiens
258 630 293 687 et
314 623 444 705 septies
462 622 646 687 circuisset
668 622 789 703 altare,
812 622 917 686 dabat
933 621 1020 686 deus
1043 623 1180 706 signum
1203 621 1350 705 aliquod

143 725 180 788 in
202 725 292 790 facie
315 727 401 789 eius.
439 723 525 788 Cum
549 746 630 808 ergo
652 725 802 791 bibisset
822 745 967 789 securus
988 724 1118 807 Ioseph
1139 731 1175 790 θῖ
1197 725 1351 809 girasset

143 829 266 909 altare,
287 828 422 893 nullum
439 828 577 910 signum
595 828 732 910 peccati
754 828 917 910 apparuit
937 828 972 891 in
996 847 1048 892 eo.
1079 827 1178 892 Tunc
1195 827 1351 892 sanctifi·

144 938 310 997 caverunt
326 952 405 995 eum
416 930 616 996 sacerdotes
634 952 754 996 ornnes
772 936 807 996 et
816 931 968 995 ministri
985 937 1021 995 et
1036 930 1159 1013 populi
1170 930 1350 995 dicentes:

142 1035 276 1101 Beatus
295 1041 397 1116 estu,
416 1035 581 1118 quoniam
597 1055 668 1100 non
686 1043 740 1099 est
754 1036 916 1099 inventus
935 1038 1054 1099 reatus
1072 1034 1108 1097 in
1125 1040 1170 1099 ῖθ.
1202 1036 1214 1068 ⁸
1231 1032 1280 1097 Et
1296 1053 1353 1097 vo·

144 1144 265 1202 cantes
286 1136 436 1202 Mariam
462 1137 626 1202 dixerunt
648 1138 693 1202 ei:
731 1137 784 1202 Tu
808 1158 911 1221 quam
933 1137 1193 1202 excusationem
1214 1136 1352 1218 poteris

142 1238 296 1306 habere?
321 1248 382 1305 aut
407 1239 502 1323 quod
527 1240 665 1323 signum
690 1241 802 1305 maius
828 1241 1014 1323 apparebit
1037 1240 1074 1304 in
1099 1245 1135 1305 te
1156 1259 1260 1322 quam
1283 1237 1352 1302 hoc

142 1344 238 1426 quod
259 1343 378 1426 prodit
397 1348 432 1407 te
455 1347 645 1426 conceptus
667 1343 798 1409 ventris
820 1341 895 1408 tui?
927 1342 1008 1408 Hoc
1032 1340 1249 1408 solummodo
1273 1361 1295 1406 a
1315 1345 1351 1405 te

142 1448 364 1529 requirimus,
387 1452 435 1527 ut,
459 1445 542 1529 quia
557 1445 687 1529 Ioseph
703 1446 853 1511 mundus
871 1453 926 1512 est
946 1451 1027 1526 ate,
1050 1445 1250 1510 confitearis
1268 1443 1351 1526 quis

143 1550 274 1633 estqui
291 1557 324 1614 te
342 1549 492 1632 decepit.
515 1548 647 1614 Melius
667 1555 721 1614 est
737 1550 830 1615 enim
846 1555 885 1614 ut
900 1557 935 1615 te
952 1556 1013 1614 tua
1023 1548 1199 1614 confessio
1210 1545 1353 1631 prodat,

141 1675 246 1735 quam
262 1652 382 1718 iradei
394 1651 479 1716 dans
498 1652 636 1735 signum
652 1653 688 1716 in
706 1653 796 1718 facie
807 1658 869 1717 tua
884 1652 921 1717 in
932 1651 1047 1717 medio
1060 1650 1183 1735 populi
1193 1658 1228 1716 te
1239 1651 1354 1715 mani·

141 1755 258 1821 festet.
299 1754 399 1819 Tunc
419 1754 534 1819 Maria
554 1760 758 1821 constanter
779 1761 815 1820 et
834 1755 1013 1838 intrepida
1034 1752 1137 1819 dixit:
1174 1751 1213 1820 Si
1234 1760 1292 1819 est
1312 1753 1352 1816 in

141 1881 194 1923 me
212 1858 490 1941 aliquapollutio
507 1864 569 1922 aut
584 1858 729 1941 aliquod
738 1864 931 1941 peccatum,
949 1857 1089 1922 autfuit
1104 1858 1140 1922 in
1157 1878 1210 1922 me
1228 1856 1354 1940 aliqua

143 1961 432 2044 concupiscentia
451 1960 505 2025 vel
527 1960 763 2043 impudicitia,
790 1962 931 2045 detegat
951 1983 1005 2026 me
1029 1960 1191 2027 dominus
1213 1962 1252 2025 in
1270 1981 1354 2026 con·

143 2070 269 2146 spectu
283 2064 436 2130 omnium
452 2062 677 2146 populorum,
700 2070 739 2129 ut
754 2065 819 2129 sim
836 2064 997 2130 omnibus
1015 2063 1272 2129 emendationis
1295 2083 1354 2128 ex·

142 2167 304 2249 emplum.
339 2165 387 2230 Et
411 2167 562 2231 accessit
586 2166 631 2230 ad
655 2167 765 2232 altare
793 2167 925 2233 domini
951 2167 1170 2232 confidenter
1194 2173 1229 2233 θῖ
1257 2166 1354 2232 bibit

141 2290 267 2352 aquarn
283 2269 475 2350 potationis
494 2275 529 2334 θῖ
544 2270 676 2352 septies
687 2269 847 2335 circuivit
863 2270 984 2352 altare,
1003 2275 1038 2335 et
1050 2290 1119 2334 non
1136 2276 1190 2335 est
1206 2272 1354 2336 inventa

142 2373 177 2435 in
196 2392 237 2436 ea
253 2370 326 2435 ulla
344 2371 491 2436 macula.

133 2531 229 2595 fleatea
245 2546 299 2577 aaa.
317 2533 343 2576 et
355 2546 417 2593 par.
436 2534 462 2578 et
480 2530 533 2594 affi
546 2531 600 2578 θὶθιε
613 2536 656 2579 θῖθ
671 2526 675 2592 Ι
695 2529 806 2579 Vocatur
818 2556 826 2565 ·
839 2535 865 2579 et
877 2530 906 2592 (u
922 2528 976 2591 our)
990 2555 998 2565 ·
1012 2531 1097 2578 attare
1111 2528 1137 2592 (c
1151 2530 1203 2580 add
1216 2531 1328 2594 rursum)
1342 2557 1351 2568 ·

140 2631 182 2678 aq.
188 2619 245 2678 pot.
256 2615 352 2663 domiai
361 2613 389 2675 (u
395 2619 451 2677 pot.
463 2631 505 2678 aq.
518 2616 576 2664 siue
583 2612 662 2677 dom.)
673 2628 709 2664 uu
719 2616 819 2664 Burrus
828 2615 867 2665 Ic.
877 2621 982 2665 vocatae
991 2621 1029 2664 eet
1039 2627 1082 2664 etc
1094 2615 1098 2680 Ι
1110 2633 1184 2679 quaen
1193 2617 1216 2665 ei
1226 2616 1275 2678 (uu
1283 2619 1349 2680 cum)

137 2706 206 2765 part.
216 2702 286 2750 bom
297 2700 344 2763 (nu
355 2700 462 2765 aliquis)
472 2702 594 2750 enatans
603 2704 634 2763 (n
643 2703 769 2759 καθίσεις
780 2715 795 2752 c
805 2707 915 2752 metuere
924 2702 1005 2766 idque
1015 2706 1079 2752 ante
1088 2701 1185 2764 bomo).·
1196 2716 1213 2751 u
1222 2719 1300 2766 qaam
1307 2704 1350 2767 qai

137 2790 207 2850 part.
217 2787 340 2834 manaim
354 2785 357 2850 Ι
372 2801 391 2835 1>
400 2787 476 2836 daret
491 2786 494 2850 Ι
508 2799 527 2834 u
536 2788 602 2851 ripa.
612 2788 675 2851 aliq.
686 2789 790 2852 peccati
801 2789 932 2852 infaciem
944 2788 996 2849 (ite
1005 2791 1034 2837 et
1043 2786 1070 2850 ο)
1083 2789 1137 2837 aiae
1150 2788 1153 2851 Ι
1170 2789 1230 2836 Cam
1242 2805 1306 2852 erpo
1319 2796 1349 2839 ut

141 2884 230 2931 ηοω
249 2885 265 2920 u
280 2871 387 2935 Cumque
401 2868 405 2936 Ι
420 2886 439 2920 n
452 2887 494 2920 om
507 2873 599 2936 Iorepla
613 2872 616 2937 Ι
631 2879 656 2921 et
665 2875 793 2937 piraeeet:
811 2886 847 2921 aa
859 2873 913 2922 add
925 2873 1031 2936 septica·
1048 2887 1120 2922 rom
1132 2875 1229 2923 attare.
1255 2872 1302 2924 Sic
1315 2889 1346 2924 n:

140 2973 251 3014 aarum
264 2958 341 3006 etiam
346 2958 446 3020 pirarii
455 2957 549 3015 attare,
559 2959 703 3021 balbumque
714 2962 757 3008 etc
772 2955 775 3021 Ι
791 2959 817 3006 ia
826 2974 855 3007 eo
864 2964 896 3008 ut
904 2971 974 3017 ΑΒΜ
988 2972 1024 3008 cu
1034 2960 1137 3023 iasaeie
1146 2961 1200 3007 aiae
1213 2957 1218 3026 Ι
1232 2961 1347 3026 adpetiti·

141 3047 302 3091 coemerint
311 3055 381 3101 ως
392 3055 428 3092 01>
438 3043 543 3108 iustitio.
557 3044 561 3109 Ι
572 3058 599 3092 ee
608 3048 648 3092 ta.-
658 3054 694 3090 ΔΒ
696 3045 791 3107 sactae
799 3059 827 3092 ee
836 3040 840 3106 Ι
851 3055 888 3091 ΑΒ
898 3058 974 3106 quon.
984 3042 1071 3092 autho
1080 3048 1169 3092 reatae
1176 3045 1229 3094 ino.
1239 3049 1279 3094 eet
1288 3047 1315 3094 ia
1324 3051 1348 3094 te

215 3129 240 3177 3.
261 3127 299 3176 st
311 3143 385 3191 qaam
398 3144 452 3177 aaa.
467 3135 497 3177 ut
511 3141 562 3187 οὓς
581 3142 597 3177 n
614 3128 695 3190 Qum
706 3145 761 3178 esc.
775 3133 816 3186 ta,
834 3142 871 3178 uu
883 3129 922 3178 Et
934 3145 976 3191 qa.
990 3145 1044 3178 ero.
1059 3134 1087 3178 ta
1104 3127 1108 3194 Ι
1126 3130 1262 3181 baberent
1274 3144 1347 3192 nm

141 3226 175 3263 cu
187 3214 283 3280 afferre
303 3209 307 3278 Ι
327 3218 373 3263 aut
385 3215 451 3278 quad
464 3240 473 3250 ·
486 3215 552 3278 quod
564 3213 595 3276 (n
608 3212 663 3276 om)
673 3215 766 3278 prodit
779 3214 804 3275 (c
814 3215 934 3278 prodidit
939 3234 948 3270 ,-
966 3228 1002 3263 ΔΒ
1015 3214 1068 3263 add
1080 3214 1117 3278 ta)
1135 3240 1144 3252 ·
1161 3217 1199 3266 tat
1211 3222 1244 3266 ut
1255 3229 1346 3278 uem

140 3313 157 3349 n
169 3304 195 3348 et
207 3300 272 3363 qaod
284 3300 382 3364 epam
393 3299 513 3363 aparebit
524 3301 552 3347 is
564 3303 597 3358 te,
612 3301 674 3363 qaia
684 3300 774 3363 prodit
786 3304 811 3348 te
823 3304 936 3364 concept.
950 3300 1018 3348 uteri
1030 3300 1068 3348 tui
1082 3296 1086 3364 Ι
1099 3314 1116 3348 u
1128 3300 1209 3349 eclam
1220 3299 1225 3366 Ι
1239 3303 1349 3353 madae

140 3391 178 3435 eet
190 3402 207 3434 a
220 3390 258 3444 te,
275 3392 307 3435 ut
319 3398 355 3434 uu
369 3390 397 3434 et
410 3385 516 3434 omissis
529 3401 546 3433 a
558 3389 583 3434 te
594 3398 625 3444 ις
643 3397 679 3434 cn
691 3387 827 3435 mandatae
838 3389 876 3434 ert
896 3387 900 3449 Ι
920 3385 1068 3449 confitearis
1083 3390 1114 3435 ut
1126 3397 1178 3446 ους
1196 3400 1212 3436 u
1225 3388 1348 3449 reatum

140 3471 219 3534 (item
231 3476 263 3520 ut
274 3470 383 3521 videtur
395 3469 425 3533 a)
440 3468 444 3532 Ι
459 3484 475 3519 u
487 3471 616 3535 deceperit
628 3476 653 3521 ta
666 3467 670 3537 Ι
684 3476 713 3521 at
725 3477 749 3521 te
762 3478 821 3520 tea:
840 3484 856 3521 c
869 3476 994 3534 corrupte
1007 3471 1086 3520 eitam
1098 3477 1168 3521 taam
1179 3471 1183 3537 Ι
1198 3474 1266 3523 ἀαιιθ
1277 3476 1345 3539 ripa.

139 3559 232 3623 issac.
246 3562 292 3607 dua
304 3555 351 3619 (cu
364 3557 495 3622 infaciem
508 3557 587 3619 ma)
600 3559 628 3606 i»
636 3558 787 3621 mediopop.
801 3558 869 3620 te(1›
882 3558 961 3606 eitam
972 3556 1053 3619 taam)
1066 3559 1157 3623 manis.
1176 3564 1208 3608 ut
1220 3572 1312 3620 auom
1330 3575 1348 3612 ι

139 3644 205 3693 dane
216 3644 281 3707 ripa.
299 3647 325 3692 et
342 3644 370 3691 ia
381 3643 462 3692 medio
475 3643 564 3708 appu
574 3644 721 3708 manifestet
738 3641 743 3708 Ι
763 3647 909 3693 cnstanter
920 3646 946 3692 et
959 3643 987 3704 (u
1000 3656 1042 3691 orn
1055 3641 1091 3704 et)
1104 3649 1135 3692 ut
1144 3657 1217 3704 aurp
1232 3658 1269 3694 cn
1283 3661 1328 3697 orn
1338 3644 1345 3712 Ι

140 3730 259 3793 aliquod:
276 3743 348 3779 rom
362 3727 433 3794 lsait
444 3729 472 3778 in
482 3743 661 3790 aeranem
680 3743 752 3779 rom
764 3732 792 3778 in
803 3746 841 3780 ae
855 3726 859 3794 Ι
873 3746 993 3794 occupa
1011 3739 1048 3775 nu
1061 3743 1150 3790 praem
1162 3731 1216 3780 eise
1229 3728 1233 3795 Ι
1246 3732 1290 3782 eet
1302 3734 1347 3782 iea-

136 3817 225 3881 padie.
237 3821 269 3864 ut
278 3827 343 3873 Anu,
356 3816 422 3864 item
435 3826 451 3864 c
464 3815 653 3880 impudicitiam
665 3828 683 3865 ι
692 3830 735 3865 om
749 3813 753 3879 Ι
767 3816 871 3879 detegat
881 3831 919 3864 me
932 3815 960 3877 (r
970 3830 1021 3874 om,
1034 3829 1051 3864 n
1064 3815 1142 3878 iilud)
1151 3816 1217 3867 don.
1229 3818 1285 3879 (ita
1293 3833 1348 3879 »ις

138 3914 174 3952 nc
183 3901 256 3964 deae)
269 3911 300 3950 ut
313 3912 400 3949 nour:
413 3915 462 3964 pro
475 3902 517 3950 hie
530 3900 590 3963 (red
604 3902 706 3952 retinet
714 3900 827 3965 detepat)
840 3915 857 3950 a
871 3906 935 3951 ento
949 3901 980 3949 ei
990 3906 1029 3951 eet
1040 3908 1097 3952 eto:
1110 3902 1219 3953 Domine
1227 3903 1292 3955 m
1300 3920 1350 3955 m
1378 3947 1382 3956 .

139 3987 261 4044 mm,
281 3987 323 4049 qai
335 4002 362 4035 ee
374 3988 488 4037 remeius
498 3991 653 4038 semotam
672 3984 676 4051 Ι
697 3991 726 4036 ut
737 3987 784 4036 eim
796 3986 845 4048 (cn
855 3984 932 4051 flam)
945 4002 1010 4036 om.
1023 3989 1119 4037 mod.
1134 3997 1162 4048 (ο
1174 3991 1349 4051 mndaaibue,

139 4085 157 4122 u
169 4071 223 4122 add
235 4076 261 4121 et
272 4073 456 4136 comptionis)
468 4072 573 4137 «θηρὶ.
586 4076 617 4122 ut
627 4085 717 4132 Auem
731 4086 747 4121 n
759 4077 788 4121 ut
795 4073 891 4135 partim
903 4074 1036 4122 mundari
1047 4077 1073 4122 et
1081 4074 1127 4123 rba
1138 4075 1230 4124 omnib.
1241 4092 1291 4125 σοι.
1305 4094 1347 4128 ez.

141 4157 145 4224 Ι
160 4159 199 4207 Et
210 4158 332 4206 accersit:
351 4172 387 4206 uu
400 4158 458 4207 Hoc
469 4159 558 4207 diceas
569 4174 634 4217 aaa,
651 4172 670 4207 1>
683 4158 721 4206 Et
733 4159 863 4215 accedens,
877 4163 928 4207 tam
940 4159 1096 4223 confidenter
1108 4159 1170 4208 bibit
1183 4159 1186 4223 Ι
1199 4161 1310 4212 domiai:
1327 4178 1348 4215 n

140 4259 182 4294 om
197 4242 201 4307 Ι
216 4243 277 4293 bibit
289 4267 298 4278 ·
311 4243 398 4292 attare
411 4242 441 4307 (Δ
455 4244 488 4291 ad
501 4244 598 4306 attare)
611 4249 643 4293 ut
655 4255 744 4303 auom
764 4257 780 4292 u
793 4245 893 4306 accepit
904 4260 964 4307 ψ.
974 4249 1029 4308 pot.
1042 4249 1068 4294 et
1077 4246 1192 4307 putavit
1210 4251 1236 4295 et
1245 4249 1350 4310 pirarii

138 4330 233 4392 septies
244 4327 298 4392 (om
310 4327 408 4391 altare)
422 4324 426 4392 Ι
441 4334 466 4378 et
477 4346 527 4379 aas
539 4334 578 4380 eet
589 4355 598 4366 ·
610 4329 714 4379 macuta
725 4336 756 4378 ut
769 4341 857 4388 auom
871 4343 887 4378 u
899 4336 926 4380 ot
937 4347 987 4380 aon
999 4336 1037 4380 eet
1049 4332 1176 4381 inventum
1186 4348 1234 4383 aee
1246 4336 1350 4398 εἰρηκει

139 4431 217 4479 aequ
229 4415 360 4480 serapiam
371 4415 482 4464 atie-aiae
489 4416 593 4479 peccati
605 4416 632 4465 ia
644 4431 675 4464 ea
