2962 4912
139 305 249 351 m
608 288 879 341 rncnaoounnn.
968 335 969 338 ,
1066 352 1072 362 ,

183 448 220 504 n·
247 440 433 522 isquam
461 445 593 505 secutus
620 446 671 505 θεῖ
698 461 771 505 cum
798 441 873 506 aliis
900 439 1086 506 Fabricius.
1131 437 1218 505 Vide
1243 445 1281 501 n·
1303 434 1345 503 ad

249 550 343 618 (lest.
365 552 427 616 Pil.

183 664 221 725 1>b
247 663 268 726 i.
284 684 311 727 e.
335 663 406 727 cod.
422 661 654 727 Einsidlensis.
687 663 773 730 Vide
796 666 834 727 1>b
857 662 899 728 ad
922 661 1015 729 Gest.
1037 661 1099 726 Pil
1137 662 1222 727 Post
1244 660 1344 725 finem

249 773 367 855 capitis
385 772 450 837 XL
474 778 505 836 in
527 776 612 838 codd.
630 779 783 860 praetorii
802 779 852 839 sui
867 776 992 861 publici,
1016 773 1136 838 omisso
1159 793 1230 855 cap.
1245 769 1345 853 ΧΠ,

248 885 360 950 statim
381 884 505 967 legitur
527 885 670 968 epistola
691 885 793 953 Pilati
816 887 878 952 ie.
901 891 1003 969 caput
1023 890 1174 951 nostrum
1195 879 1302 949 XHL

187 1000 223 1060 n⁰
247 995 268 1060 i.
290 1016 316 1059 e.
340 995 409 1060 cod.
431 994 508 1061 bibl.
531 995 636 1078 princ.
659 995 800 1063 Corsini.
844 996 930 1063 Vide
954 1001 990 1061 n⁰
1012 997 1055 1061 ad
1078 997 1170 1064 (lest.
1191 993 1255 1060 Pil.
1301 993 1344 1058 In

246 1105 311 1172 fine
333 1105 412 1171 libri
433 1107 560 1189 pariter
582 1128 622 1172 ac
643 1110 681 1172 na
697 1110 817 1173 omisso
842 1110 951 1190 capite
967 1106 1055 1173 XII.
1076 1106 1225 1172 additam
1239 1105 1344 1169 habet

246 1218 349 1283 Pilati
372 1218 556 1301 epistolam.

140 1341 221 1390 Ambe
247 1331 269 1394 i.
289 1350 315 1394 θ.
338 1327 518 1395 Mediolan.
539 1329 698 1409 Ambros.
721 1328 751 1395 Ο
775 1332 825 1394 35.
848 1351 932 1394 saec.
954 1329 1024 1394 fere
1045 1327 1146 1395 XIV.
1189 1326 1277 1396 Vide
1300 1327 1343 1391 ad

247 1439 341 1507 (lest.
356 1440 420 1505 Pil.
444 1441 689 1523 Exscripsimus
704 1441 772 1507 tria
785 1441 904 1506 ultima
919 1441 1029 1524 capita
1043 1439 1121 1525 (XI.
1128 1439 1215 1505 XII.
1221 1437 1338 1522 XIIL)

245 1573 312 1617 una
334 1573 407 1617 cum
428 1557 522 1634 parte
546 1553 666 1635 capitis
681 1552 727 1618 X
749 1552 824 1618 inde
841 1574 861 1619 a
875 1552 984 1619 verbis
1000 1553 1181 1617 Benedictis
1195 1555 1250 1637 qui
1263 1555 1343 1614 uenit

247 1668 279 1728 in
301 1668 419 1728 nomine
440 1666 563 1728 domini.

225 1775 365 1841 Praeter
391 1775 539 1861 reliquos
567 1780 669 1841 testes
695 1776 762 1841 iam
790 1775 834 1839 ad
856 1775 949 1842 Gest
977 1776 1035 1840 Pil.
1063 1775 1240 1856 indicatos,
1272 1774 1292 1836 i.
1316 1793 1341 1837 e.

139 1899 219 1949 Ham
245 1899 298 1948 nal
322 1898 384 1950 aar*
406 1886 515 1970 mpod,
551 1888 675 1970 passim
704 1887 804 1952 etiam
833 1888 1003 1953 consulere
1031 1886 1157 1969 placuit
1184 1897 1247 1949 surr
1270 1911 1342 1960 gam

129 1982 160 2063 i.
172 2019 199 2063 e.
215 1997 394 2063 editionem
409 1999 630 2080 germanicam
647 2019 785 2080 eamque
800 2004 838 2062 ut
853 1998 982 2063 ridetur
997 1997 1189 2080 principem.
1213 1994 1343 2061 Eadem

139 2107 237 2174 laude
261 2114 414 2174 ornatam
437 2114 674 2175 commemorat
695 2108 792 2174 Thilo
814 2131 846 2192 p.
862 2108 969 2175 CLII.
992 2110 1099 2191 primo
1122 2108 1204 2174 loco.
1240 2106 1343 2189 Apud

138 2220 223 2286 Lud.
246 2219 341 2287 Hain
372 2225 507 2286 notatur
537 2226 615 2286 tom.
636 2220 685 2286 II.
716 2226 811 2303 parte
834 2220 862 2285 Ι.
894 2241 967 2304 pag.
990 2223 1062 2285 487.
1106 2219 1241 2285 Prodiit
1272 2218 1344 2284 sine

140 2331 241 2397 dubio
269 2331 400 2397 saeculo
424 2331 541 2413 quinto
565 2331 700 2397 decimo.
745 2331 877 2396 Titulus
900 2338 965 2397 est:
994 2330 1219 2414 Euangelium
1242 2328 1343 2394 Nico·

141 2443 242 2525 demi,
274 2443 348 2507 auis
371 2441 445 2507 dem
468 2442 570 2507 latein
592 2443 627 2507 in
650 2443 709 2509 das
730 2442 863 2508 teutsch
891 2442 1065 2526 gebracht,
1096 2441 1139 2507 In
1161 2441 1345 2508 wdlliohem

141 2555 186 2618 vil
207 2554 373 2636 hilpscher
394 2552 557 2636 punkteu,
586 2553 639 2618 die
662 2553 714 2618 die
739 2553 865 2618 andern
888 2552 1125 2636 Evangelisten
1152 2555 1203 2618 nit
1231 2558 1343 2618 setuen

141 2665 302 2748 begriffen
324 2665 454 2729 werden
479 2664 576 2748 (doch
595 2666 675 2748 jnen
697 2664 748 2729 nit
770 2665 882 2750 wider)
911 2664 979 2730 fast
1006 2665 1151 2730 nutzlich
1178 2686 1218 2728 zu
1241 2663 1344 2729 lesem

139 2777 212 2843 Fol.
231 2780 257 2840 1.
279 2776 451 2858 inscriptio
474 2775 557 2840 haec
579 2775 699 2858 legitur
720 2773 763 2840 In
782 2775 855 2840 dem
871 2775 1001 2841 Namen
1021 2775 1080 2842 des
1094 2775 1239 2858 Herren,
1261 2775 1344 2839 heht

140 2889 210 2954 sich
230 2909 281 2970 an,
304 2886 362 2951 das
377 2886 547 2968 Ewangeli
568 2886 648 2969 (sic),
670 2886 728 2951 das
749 2885 947 2952 besehriben
969 2887 1028 2951 hat
1050 2886 1264 2970 Nicodamus,
1287 2887 1344 2951 ain

140 2998 253 3064 Rabbi
273 2997 341 3063 und
363 2998 418 3061 ain
441 2996 543 3061 Filrst
565 2996 624 3061 der
645 2997 670 3061 J
672 2997 767 3080 udan,
790 2997 857 3062 und
880 2998 964 3063 auch
987 2999 1041 3063 ain
1064 2996 1195 3082 Junger
1215 2996 1343 3063 Christi

140 3110 234 3174 Jesu.
279 3108 472 3192 Sequuntur
503 3107 619 3173 eadem
649 3109 771 3193 pagina
803 3131 914 3175 versus
946 3111 997 3174 28.
1040 3109 1137 3175 Folio
1166 3112 1216 3175 20.
1247 3115 1341 3175 recto

140 3221 269 3302 finitur,
299 3220 357 3285 ubi
385 3212 463 3303 post
489 3220 591 3299 rerba
621 3220 688 3284 und
716 3219 778 3287 den
806 3226 916 3286 ersten
944 3221 1121 3286 menschen
1148 3223 1204 3287 ain
1231 3227 1344 3287 vatter

128 3332 222 3398 aller
252 3332 445 3413 menschen,
475 3330 594 3396 Adam.
621 3352 718 3396 versu
741 3334 792 3396 21.
821 3338 872 3396 θεῖ
891 3332 962 3396 Ain
991 3331 1055 3397 end
1082 3332 1140 3398 des
1170 3333 1343 3416 Euangeli

139 3443 323 3510 Nicodemi.
366 3440 487 3506 Altera
515 3441 617 3507 editio
643 3463 728 3526 quas
756 3447 790 3507 et
817 3443 891 3525 ipsa
921 3443 1002 3508 mihi
1031 3443 1066 3507 in
1097 3443 1251 3508 manibus
1283 3449 1344 3527 est,

139 3557 295 3622 foliorum
318 3556 357 3619 31
382 3553 417 3618 in
440 3555 468 3617 8.
491 3554 619 3618 minori.
646 3575 712 3618 uon
740 3554 844 3618 multo
873 3555 1037 3620 recentior
1059 3561 1110 3620 est
1131 3555 1285 3638 principe
1308 3560 1343 3621 et

139 3689 213 3732 oum
234 3668 310 3747 ista,
334 3667 480 3748 exceptis
502 3665 779 3748 orthographicis,
801 3664 870 3729 iere
892 3686 1028 3747 prorsus
1051 3667 1225 3731 consentit.

226 3777 282 3842 Ad
303 3776 430 3841 Pilati
454 3775 684 3857 epistolam,
713 3796 812 3858 quam
835 3796 875 3839 ex
897 3777 1095 3842 auctoritate
1117 3777 1263 3858 plurium
1287 3798 1341 3844 co·

139 3889 247 3954 dicum
270 3908 344 3952 cum
366 3885 507 3951 Thilone
530 3885 741 3951 adiunximus
764 3885 807 3951 ad
828 3885 985 3952 Descens.
1006 3885 1082 3954 Ohr.
1105 3887 1147 3952 ad
1169 3887 1265 3954 infer.
1289 3910 1341 3955 ca·

138 4000 207 4082 pits
233 3997 338 4063 XIII.
369 4002 495 4082 (evang.
522 3996 641 4063 Nicod.
669 3997 824 4080 XXIX)
831 4048 839 4081 ‚
871 3997 1068 4063 contulimus
1101 3999 1203 4064 etiam
1234 4006 1339 4067 testes

137 4110 286 4191 hosce¹).

225 4282 247 4348 1)
267 4281 473 4347 Cori-aptissime
492 4284 558 4334 hasa
576 4285 692 4348 epistola
706 4285 787 4334 atium
800 4284 875 4334 adita
887 4288 930 4335 art
944 4286 972 4334 in
986 4283 1027 4336 St.
1037 4285 1141 4335 Bulurii
1154 4286 1338 4338 miscellaneis

139 4369 180 4421 sd.
193 4369 282 4419 Mauri
294 4365 341 4416 IV.
360 4384 385 4432 p.
398 4368 441 4420 57.
476 4368 565 4433 Nuper
582 4371 682 4432 occiput
700 4370 765 4434 quod
782 4370 837 4433 ipre
850 4370 1002 4432 provocabit
1019 4371 1120 4430 ludam,
1136 4378 1246 4423 munt
1264 4375 1317 4424 stc.
