2962 4912
366 308 601 360 aversemur
619 310 812 361 melma
831 310 1021 361 aerumma.
1048 308 1156 359 xxxn.
1303 307 1362 371 197

190 471 240 536 fer.
261 458 456 544 Respondit
469 481 550 526 vero
567 460 652 527 hera
666 460 795 526 Maria:
818 459 1049 544 Ecquodnam
1065 459 1233 525 auxilium
1249 458 1364 544 petis?

186 583 333 640 aummne
349 583 395 628 an
411 563 616 647 argentum?
632 586 676 630 an
692 569 731 630 ut
748 584 874 648 corpus
890 569 989 628 tuum
1005 584 1025 628 a
1041 563 1138 647 lepra
1154 560 1364 627 mundetur?

181 678 224 743 At
238 667 365 750 rogavit
379 667 507 732 mulier
522 669 604 732 ista:
637 667 724 751 Quis
743 667 810 733 hoc
825 667 910 732 mihi
927 666 1010 732 dare
1026 663 1166 750 potest?
1197 663 1264 732 Cui
1280 664 1365 732 hera

175 773 290 852 Maria,
305 768 521 851 Paullulum,
538 770 663 853 iuquit,
681 778 854 861 exspecta,
872 769 983 835 donec
999 769 1108 835 filium
1122 768 1365 835 meumIesum

170 873 307 949 laverim
323 879 360 937 et
377 871 523 937 inlecto
540 874 766 956 reposuerim.
796 874 1024 957 Exspectavit
1038 874 1173 954 mulier,
1196 877 1236 936 ut
1250 872 1366 938 Maria

166 987 196 1052 ei
216 978 366 1055 dixerat,
387 973 475 1040 haec
497 981 613 1040 autem
630 996 707 1040 cum
726 976 844 1041 Iesum
864 977 900 1040 in
917 976 1009 1041 lecto
1025 976 1216 1059 posuisset,
1238 997 1364 1060 aquam

160 1104 233 1174 qua
258 1099 384 1161 corpus
410 1079 485 1143 eius
510 1078 671 1144 abluerat
693 1078 832 1145 mulieri
857 1080 1057 1163 porrigens,
1090 1077 1201 1162 Cape,
1235 1081 1363 1162 inquit,

156 1188 384 1269 aliquantum
409 1182 512 1247 istius
537 1203 648 1265 aquae
675 1189 710 1248 et
735 1183 771 1247 in
792 1203 918 1266 corpus
943 1189 1041 1247 tuum
1064 1182 1213 1248 effunde.
1260 1181 1364 1267 Quod

154 1310 241 1359 cum
273 1285 431 1365 fecisset,
463 1284 635 1367 extemplo
667 1285 834 1350 mundata
864 1285 966 1350 deum
995 1285 1151 1350 laudavit
1180 1293 1215 1351 et
1247 1292 1363 1370 grates

151 1393 229 1479 ipsi
253 1389 334 1472 egit.

609 1557 730 1625 Canon
753 1558 918 1624 XXXII.

250 1726 353 1796 Abiit
374 1751 456 1814 ergo
477 1735 663 1814 postquam
682 1730 838 1796 triduum
862 1731 954 1814 apud
977 1732 1075 1796 illam
1097 1732 1240 1811 mansit,
1268 1737 1303 1795 et
1327 1733 1363 1795 in

157 1836 286 1906 urbem
307 1834 514 1918 perveniens
535 1833 624 1898 vidit
647 1833 697 1898 ibi
718 1834 828 1897 virum
852 1835 1047 1918 prinoipem
1069 1835 1129 1917 qui
1156 1834 1245 1899 alins
1270 1834 1365 1916 prin·

162 1938 255 2025 cipis
271 1936 376 2003 filiam
393 1939 540 2003 duxerat
554 1958 712 2003 uxorem:
734 1938 796 2003 sed
814 1959 891 2003 cum
906 1937 1055 2004 vidisset
1068 1938 1264 2020 mulierem,
1285 1958 1366 2003 con·

163 2045 327 2131 spexerat
341 2043 437 2107 inter
452 2040 571 2107 oculos
589 2042 666 2107 eius
682 2041 820 2125 signum
837 2042 954 2125 leprae
970 2043 1084 2106 instar
1100 2042 1240 2121 stellae3
1262 2041 1365 2105 adeo-

163 2165 237 2235 que
255 2145 510 2210 matrimonium
532 2143 742 2210 dissolutum
764 2149 800 2209 et
819 2144 958 2208 irritum
976 2144 1107 2209 factum
1129 2144 1255 2210 suerat.
1286 2143 1363 2210 Hos

162 2252 231 2320 illa
244 2247 368 2312 mulier
387 2248 424 2312 iu
444 2268 485 2314 eo
502 2253 596 2312 statu
614 2247 817 2330 conspicata
831 2248 1009 2314 moestitia
1024 2269 1210 2331 oppressos
1231 2253 1266 2313 at
1281 2247 1365 2312 flen-

163 2363 219 2423 tcs
238 2370 391 2416 caussam
409 2371 450 2415 ex
465 2349 537 2414 illis
553 2349 656 2416 fletus
672 2350 856 2434 quaesivit.
887 2348 938 2416 At
956 2350 1019 2432 illi,
1040 2350 1106 2432 Ne,
1128 2351 1304 2434 inquiunt,
1326 2351 1363 2414 in

163 2459 291 2526 scamni
310 2458 467 2519 nostrum
489 2453 644 2535 inquire;
666 2452 821 2518 dolorem
843 2455 935 2518 enim
958 2459 1114 2519 nostrum
1130 2453 1219 2518 nulli
1238 2458 1363 2518 morta-

162 2563 251 2628 lium
260 2576 399 2621 narrare
411 2561 473 2621 aut
485 2555 547 2620 alii
559 2555 720 2638 cuiquam
731 2556 867 2639 aperire
878 2577 1073 2639 possumus.
1097 2556 1235 2621 Institit
1244 2561 1362 2620 tamen

162 2662 231 2731 illa
247 2665 351 2743 atque
373 2666 413 2724 ut
434 2657 524 2724 illud
544 2658 612 2723 sibi
633 2660 892 2724 committerent
907 2660 1057 2742 rogavit3
1078 2679 1155 2724 sese
1181 2659 1273 2723 enim
1294 2658 1363 2724 for·

161 2774 258 2834 tasse
281 2762 473 2828 remedium
499 2761 843 2827 eius-indicaturam.
886 2759 975 2826 (lum
1000 2781 1082 2844 ergo
1107 2766 1364 2828 monstrassent

160 2867 232 2952 ipsi
246 2865 400 2949 puellam
422 2870 458 2930 et
474 2865 612 2948 signum
627 2864 748 2947 leprae
765 2863 858 2947 quod
871 2864 973 2939 inter
988 2863 1064 2928 eius
1081 2863 1203 2930 oculos
1218 2885 1364 2948 appare·

159 2972 233 3052 bat,
250 2970 315 3035 hoc
327 2973 527 3052 conspecto,
543 2967 620 3051 Ego
631 2987 783 3051 quoque,
799 2967 916 3050 inquit
930 2967 1067 3047 mulier,
1078 2954 1186 3050 'quam
1202 2966 1363 3033 hicvide·

159 3074 221 3155 tis,
239 3072 369 3139 ‘eodem
389 3071 509 3137 morbo
526 3070 778 3152 laboraveram,
800 3091 878 3135 cum
899 3070 1051 3135 alicuius
1071 3070 1205 3153 negotii
1227 3090 1362 3151 caussa,

159 3175 259 3260 quod
279 3174 369 3241 forte
390 3172 476 3238 mihi
502 3172 704 3254 obvenerat,
725 3172 993 3238 Bethlehemum
1014 3193 1090 3239 sum
1106 3172 1274 3256 profecta.
1304 3173 1362 3239 Ibi

161 3279 366 3362 speluncam
382 3277 542 3361 ingressa
550 3275 732 3341 mulierem
748 3277 889 3342 nomine
899 3276 1047 3342 Mariam
1057 3276 1139 3358 vidi,
1157 3277 1257 3343 cuius
1267 3277 1362 3344 filius

160 3388 243 3448 erat
257 3381 314 3465 qui
329 3379 432 3445 Iesus
447 3379 649 3444 vocabatur:
667 3377 753 3444 haec
769 3400 846 3445 cum
862 3401 915 3445 me
933 3380 1105 3463 leprosam
1121 3380 1276 3463 vidisset,
1293 3382 1363 3447 mei

160 3486 305 3549 miserta
326 3502 452 3567 aquam
469 3502 538 3565 qua
553 3481 616 3546 filii
639 3482 695 3547 sui
712 3503 838 3566 corpus
859 3482 991 3549 laverat
1011 3483 1096 3547 mihi
1112 3483 1277 3566 porrexit.
1307 3482 1362 3551 Ea

163 3607 289 3670 corpus
304 3604 418 3650 meum
434 3585 585 3668 perfudi,
603 3584 778 3651 etmunda
794 3585 897 3650 evasi.
921 3585 1099 3651 Dixerunt
1115 3607 1197 3672 ergo
1208 3586 1361 3654 feminae

162 3689 234 3755 illi:
268 3688 464 3773 Numquid,
490 3709 509 3753 o
537 3688 693 3771 domina,
719 3710 842 3774 surges
868 3695 905 3754 et
927 3690 1110 3756 nobiscum
1134 3690 1361 3775 proficiscens

163 3791 336 3858 dominam
352 3791 471 3858 heram
481 3790 629 3856 Mariam
645 3792 747 3858 nobis
758 3791 1069 3858 commonstrabis?
1091 3790 1282 3860 Annuente
1299 3794 1362 3860 illa

161 3900 389 3960 surrexerunt
408 3899 444 3960 et
459 3892 503 3959 ad
519 3893 693 3959 dominam
709 3895 828 3959 heram
842 3893 991 3959 Mariam
1007 3895 1155 3978 iverunt,
1175 3896 1363 3980 splendida

158 4012 280 4062 secum
303 4016 451 4061 munera
470 3994 635 4060 ferentes.
672 3992 829 4080 Cumque
854 3997 1047 4062 intrassent
1071 4003 1107 4063 et
1131 4019 1277 4064 munera
1300 3999 1363 4066 illa

153 4093 223 4174 ipsi
254 4098 484 4180 obtulissent,
509 4096 663 4181 puellam
687 4099 790 4163 istam
815 4099 988 4183 leprosam
1014 4121 1117 4183 quam
1142 4100 1363 4169 adduxerant

151 4213 376 4232 x„—

219 4270 338 4325 mn.
361 4275 420 4324 Ovem
436 4289 498 4338 erpo
512 4279 695 4324 commaneat
710 4274 761 4338 ipsi
775 4274 888 4337 puellam
906 4299 938 4311 ··
955 4291 1008 4325 em
1021 4278 1158 4341 prosectu:
1176 4277 1216 4327 ita
1233 4277 1273 4327 lu.
1297 4279 1361 4329 Ver·

141 4350 227 4403 ‘⁶¹⁸2
243 4360 305 4411 sik.
320 4362 374 4411 ita:
401 4360 461 4410 Gaas
472 4375 533 4424 erpo
543 4364 736 4410 momorant-
750 4386 758 4397 ·
770 4364 795 4409 et
806 4361 881 4424 ripae
893 4360 981 4423 leprae
993 4377 1057 4426 qaae
1069 4387 1077 4398 ·
1091 4387 1100 4399 ·
1113 4363 1285 4427 apparebant,
1302 4365 1362 4430 Epo

136 4445 269 4505 imque,
281 4447 362 4511 inquit
372 4447 472 4505 malm,
485 4470 494 4484 ·
508 4470 517 4482 ·
530 4445 656 4506 moravi,
669 4451 694 4497 et
704 4445 891 4496 Bethlehem
902 4446 1059 4510 cepaticum
1071 4463 1151 4497 cam
1157 4449 1279 4514 profem
1290 4466 1346 4500 m
