3000 4912
227 310 460 363 avertamus
477 307 668 363 malumst:
686 307 876 361 salmonis.
906 306 1053 359 XXXVIII.
1072 307 1190 368 XXXIX.
1245 306 1308 370 201

108 461 287 529 hebebant
308 469 425 528 autem
446 463 484 526 in
506 460 643 528 officina
663 460 740 527 eius
756 458 883 524 multos
899 479 1051 542 pannos,
1073 479 1161 542 quos
1182 458 1309 524 tinctu·

108 586 167 631 rus
190 571 275 631 erat.
311 564 497 649 Ingressus
518 565 628 648 igitur
649 563 809 631 dominus
831 561 933 630 Iesus
956 562 1126 628 officinam
1147 562 1311 628 tinctoris

106 688 242 752 pannos
263 668 366 735 hosce
388 669 568 734 uniuersos
591 667 716 734 sumsit
741 672 775 732 et
799 667 835 730 in
860 685 985 748 cupam
1005 665 1168 733 caeruleo
1190 665 1308 730 indico

106 771 248 855 plenam
264 772 425 837 coniecit.
460 769 578 838 Salem
594 791 672 837 cum
688 772 843 836 venisset
863 789 1069 853 pannusque
1091 770 1247 853 perditos
1262 769 1311 833 vi-

108 874 229 956 disset,
250 895 331 940 voce
352 875 500 940 maxima
516 873 664 941 clamare
682 874 800 958 coepit
815 880 850 941 et
868 873 1046 941 dominum
1060 871 1179 940 Iesum
1194 873 1311 939 obiur-

107 998 200 1062 gare,
218 976 354 1042 dicens:
372 976 466 1061 Quid
481 977 598 1044 fecisti
614 976 709 1058 mihi,
726 998 745 1043 o
761 976 812 1043 fili
827 974 985 1042 Mariae?
1005 974 1063 1042 Me
1080 976 1174 1058 apud
1190 997 1309 1042 omues

107 1081 301 1164 oppidanos
317 1080 483 1146 infamem
501 1080 704 1147 reddidisti:
727 1080 879 1162 quilibet
898 1081 991 1147 enim
1007 1080 1224 1149 commodum
1240 1078 1308 1145 sibi

109 1183 258 1249 colorem
279 1183 405 1273 voluit,
430 1191 468 1250 tu
488 1205 570 1251 vero
596 1202 673 1249 oum
694 1183 850 1251 venisses
872 1185 988 1249 omnia
1008 1183 1206 1266 perdidisti.
1241 1184 1310 1249 Re·

110 1286 252 1370 spondit
273 1287 433 1352 dominus
449 1285 565 1353 Iesus:
598 1284 858 1370 Cuiuscumque
879 1287 987 1370 panni
1010 1287 1162 1354 colorem
1182 1287 1310 1352 mutari

106 1389 269 1470 volueris,
286 1390 379 1455 hunc
398 1411 461 1475 ego
478 1390 543 1457 tibi
559 1391 715 1471 mutab03
736 1391 924 1473 statimque
940 1411 1074 1473 pannos
1091 1411 1132 1457 ex
1149 1410 1239 1474 cupa
1255 1410 1310 1455 ex-

107 1493 246 1559 trahere
265 1494 395 1577 coepit‚
419 1481 577 1577 singulos
600 1514 640 1560 eo
656 1494 806 1562 imbutos
824 1493 937 1561 colore
956 1513 1059 1576 quem
1076 1495 1205 1562 tinctor
1220 1493 1310 1559 vole·

109 1593 185 1675 bat,
211 1595 323 1661 donec
345 1617 463 1662 omnes
487 1596 617 1663 eduxit.
656 1596 735 1663 Hoc
757 1596 963 1664 miraculum
984 1603 1090 1680 atque
1110 1597 1310 1680 prodigium

110 1698 266 1764 videntes
281 1697 407 1763 Iudaei
425 1699 528 1764 deum
544 1698 741 1764 laudarunt.

524 1920 645 1987 Orsus
668 1920 888 1990 XXXVIII.

193 2088 365 2175 Iosephus
391 2099 508 2159 autem
531 2114 594 2177 per
617 2099 726 2160 totam
754 2095 875 2160 urbem
901 2095 1109 2161 circumiens
1133 2093 1309 2160 dominum

108 2191 227 2259 Iesum
247 2214 365 2260 secum
391 2194 557 2276 ducebat,
583 2216 661 2261 cum
681 2203 824 2279 propter
849 2196 1026 2279 opificium
1054 2198 1129 2264 eius
1151 2196 1309 2263 homines

109 2295 208 2362 illum
230 2304 453 2363 accerserent
473 2303 513 2363 ut
527 2305 645 2380 portas
667 2299 754 2381 ipsis
776 2305 811 2365 et
825 2299 1026 2367 mulctralia
1045 2306 1080 2364 et
1101 2300 1254 2383 spondas
1275 2307 1311 2366 et

109 2419 207 2465 arcas
224 2400 424 2480 conficeret3
444 2406 588 2484 eratque
607 2422 683 2469 cum
700 2405 776 2485 ipso
794 2401 953 2470 dominus
970 2401 1071 2469 Iesus
1088 2423 1308 2486 quocumque

109 2502 193 2569 ibat.
227 2501 374 2586 Quoties
391 2523 473 2587 ergo
489 2503 642 2587 Iosepho
658 2503 794 2587 aliquid
810 2505 926 2587 operis
943 2504 998 2571 sui
1014 2505 1085 2571 sive
1102 2504 1221 2572 cubito
1237 2507 1310 2573 sive

109 2603 281 2689 epithema
295 2606 435 2689 longius
456 2612 518 2672 aut
532 2605 687 2687 brevius,
709 2606 815 2672 latius
830 2606 884 2672 vel
906 2607 1089 2690 angustius
1109 2606 1309 2675 faciendum

108 2715 192 2791 erat,
210 2709 370 2775 dominus
380 2708 483 2776 Iesus
498 2731 638 2777 manum
652 2730 881 2781 suamversus
897 2710 987 2777 illud
1004 2710 1222 2792 extendebat,
1241 2734 1308 2796 quo

107 2810 199 2879 facto
215 2811 285 2877 tale
304 2811 407 2895 quale
423 2810 562 2900 solebat
575 2811 749 2895 Iosephus
766 2811 886 2894 fiebat,
909 2833 1023 2895 neque
1045 2814 1113 2896 ipsi
1130 2835 1217 2898 opus
1234 2823 1311 2882 erat

109 2916 294 2998 quiequam
310 2936 416 2981 manu
433 2934 497 2982 sue
512 2914 643 2982 facere:
667 2935 735 2981 non
758 2921 832 2983 erat
853 2916 946 2982 enim
961 2913 1133 3000 Iosephus
1154 2919 1239 2985 ertia
1260 2919 1310 2986 la-

106 3008 207 3085 brilis
223 3017 408 3084 admodum
423 3019 570 3102 peritus.

541 3221 662 3290 Cruor
685 3222 871 3290 XXXIX.

192 3391 351 3477 Quodam
372 3414 450 3459 vero
473 3394 529 3458 die
555 3396 737 3460 accersivit
763 3394 865 3459 illum
890 3416 950 3460 rex
971 3394 1235 3482 Hierosolymae
1262 3404 1305 3480 et,

104 3493 204 3577 Volo,
227 3497 353 3580 inquit,
376 3494 539 3580 Iosepho,
560 3505 599 3563 ut
619 3497 746 3565 solium
762 3496 847 3562 mihi
864 3496 1027 3563 conficias
1048 3497 1093 3562 ad
1108 3519 1306 3565 mensuram

105 3597 171 3664 loci
196 3599 293 3663 illius
314 3601 351 3663 in
371 3621 438 3682 quo
460 3599 582 3664 sedere
606 3600 780 3665 consuevi.
810 3599 936 3666 Paruit
950 3598 1137 3684 Iosephus,
1160 3608 1195 3666 et
1215 3609 1306 3685 post

106 3722 208 3785 quam
226 3701 343 3766 statim
360 3702 459 3785 operi
475 3721 614 3766 manum
630 3701 792 3784 admovit,
809 3701 991 3767 biennium
1007 3703 1043 3767 in
1060 3704 1157 3787 regia
1167 3706 1304 3788 mansit,

106 3802 217 3869 donec
228 3803 397 3868 fabricam
414 3803 511 3868 illius
522 3804 602 3869 solii
620 3803 776 3871 absolvit.
802 3800 889 3869 Cum
906 3810 1023 3870 autem
1038 3804 1127 3869 illud
1144 3806 1304 3873 inlocum

105 3926 204 3971 suum
223 3904 506 3971 transferendum
528 3912 702 3988 curasset,
729 3905 771 3972 ab
794 3926 1007 3990 unoquoque
1028 3906 1137 3974 latere
1161 3909 1247 3975 duas
1272 3912 1304 3977 ei

105 4008 293 4091 spithamas
309 4029 330 4073 a
344 4006 529 4091 praefinita
544 4028 709 4075 mensura
720 4007 842 4074 deesse
859 4008 1113 4075 animadvertit.
1139 4010 1215 4094 Quo
1231 4014 1304 4079 viso

170 4182 304 4233 XXXVII.
321 4199 359 4233 me
371 4183 441 4245 apuu
452 4198 536 4232 omnes
548 4207 556 4220 ·
570 4207 579 4221 ·
592 4183 744 4233 reddidisti.-
761 4184 802 4234 its
814 4183 854 4233 ΡΙ.
867 4199 915 4249 pro
928 4189 953 4235 et
965 4200 1002 4234 me
1014 4189 1039 4235 et
1050 4186 1117 4235 cioca
1128 4202 1195 4236 moe
1206 4187 1304 4238 iniuria

103 4285 119 4318 o
139 4270 213 4319 scisti

113 4270 144 4336 ff
172 4352 320 4404 XXXVIII.
338 4355 389 4404 eive
402 4353 484 4405 cubito
496 4354 548 4403 rios
559 4354 702 4416 spithamas
715 4353 781 4405 hoec
794 4354 865 4418 opud
878 4353 935 4407 sik.
948 4361 976 4407 st
988 4356 1059 4407 Thil.
1073 4357 1169 4409 omiss·
1182 4366 1267 4411 eraut.

171 4455 221 4489 soa
231 4443 290 4489 erat
301 4439 367 4489 enim
379 4444 435 4490 eto:
448 4439 488 4489 its
500 4439 541 4489 1⁴¹1.
554 4453 602 4504 pro
615 4439 677 4504 quia
688 4455 734 4489 neo
745 4439 879 4490 odwdsa
886 4441 989 4505 perteus
1000 4445 1058 4492 erat
1069 4443 1251 4509 ortiesatrilis
