3000 4912
146 307 250 352 mn
448 296 451 301 ·
611 285 883 337 raonsuonrus.

252 482 314 552 IV.
358 482 593 550 HISTORIA
615 481 811 550 IOSEPHI
833 481 983 547 FABRI
1005 479 1243 549 LIGNARII.

232 621 420 686 Historiam
436 619 571 703 Iosephi
590 620 676 686 fabri
693 619 827 703 hgnarii
845 617 950 684 latine
970 618 1140 699 edidimus,
1161 624 1350 700 repetentes

147 732 457 815 interpretationem
484 731 624 797 Wallini
654 731 694 796 de
726 730 862 795 arabico
890 730 1029 814 factam,
1060 729 1147 814 apud
1175 728 1350 794 Thilonem

148 865 228 910 cura
257 842 393 909 Aemilii
425 842 592 926 Roediger
629 842 806 925 aliquoties
844 846 1014 906 mutatam.
1072 840 1241 906 Arabicus
1271 861 1349 905 vero

146 958 258 1020 textus
287 960 320 1019 et
346 953 418 1036 ipse
441 953 554 1019 deberi
576 953 707 1019 videtur
733 953 909 1035 interpreti
937 953 1046 1036 operis
1072 952 1200 1036 coptioe
1224 951 1349 1034 scripti.

148 1065 245 1152 Quod
269 1086 368 1148 quam
395 1069 485 1130 recte
514 1086 589 1129 oum
611 1062 752 1133 Thilone
781 1070 814 1129 et
834 1063 1015 1128 Dulaurier
1044 1064 1131 1144 (vide
1153 1062 1255 1145 inira)
1286 1065 1350 1127 sta-

146 1184 292 1259 tuamus,
321 1176 464 1258 primum
492 1175 652 1259 probatur
679 1173 849 1240 codicibus
878 1175 1016 1258 copticis
1043 1175 1166 1257 partim
1190 1174 1350 1257 memphi·

146 1289 232 1353 tioae
254 1287 376 1370 partim
400 1286 566 1351 sahidicae
591 1285 725 1350 dialecti
742 1285 862 1368 quibus
884 1286 966 1350 haec
987 1286 1128 1351 historia
1152 1287 1351 1350 continetur.

149 1398 250 1479 (Vide
268 1397 376 1479 infra)
406 1396 463 1461 Ita
486 1397 573 1460 enim
595 1395 664 1462 fere
687 1395 789 1461 fiebat
811 1402 849 1461 ut
871 1397 929 1479 qni
951 1398 1094 1479 primum
1118 1397 1246 1479 coptice
1270 1397 1349 1461 scri-

147 1509 307 1574 berentur
322 1507 408 1589 libri,
431 1508 455 1571 ii
475 1512 552 1590 post
575 1506 708 1572 arabice
724 1512 945 1572 verterentur:
968 1506 1244 1590 quemadmodum
1261 1506 1350 1591 apud

149 1619 274 1702 Coptos
297 1619 479 1684 etiamnum
501 1618 596 1683 multi
617 1616 697 1682 libri
714 1617 881 1682 habentur
896 1618 937 1683 ad
952 1620 1134 1701 marginem
1151 1618 1350 1701 antiquioris

147 1737 258 1796 textus
286 1729 408 1813 coptici
437 1729 574 1794 arabica
596 1728 747 1795 versione
771 1727 899 1810 donati,
927 1750 1109 1813 rursusque
1137 1730 1195 1794 alii
1217 1728 1351 1794 arabice

147 1847 278 1908 tantum
301 1841 416 1923 scripti
445 1840 486 1905 ad
514 1841 605 1924 ipsos
632 1861 713 1904 usus
741 1841 983 1905 ecclesiasticos
1011 1838 1222 1920 adhibentur,
1252 1841 1351 1923 quale

149 1957 200 2017 est
228 1951 329 2016 etiam
355 1949 577 2035 Synaxarium
599 1950 789 2016 Mediceum
816 1952 975 2016 ecclesiae
999 1951 1182 2034 Ooptorum
1205 1951 1351 2017 Alexan·

149 2061 264 2128 drinae
288 2083 375 2127 anno
392 2061 517 2128 Christi
542 2064 624 2128 1425
648 2068 820 2128 exaratum
829 2063 865 2144 ¹).
908 2061 1074 2128 Nimirum
1097 2061 1220 2128 dudum
1244 2084 1351 2129 sermo

149 2174 299 2257 copticus
322 2173 410 2255 apud
433 2173 522 2256 ipsos
538 2172 664 2256 Coptos
687 2171 831 2238 abolevit
853 2174 886 2236 in
911 2174 1047 2257 eiusque
1068 2175 1179 2239 locum
1197 2174 1351 2239 arabicus

149 2285 317 2350 successit.
361 2284 476 2368 Atque
509 2285 609 2349 etiam
642 2285 796 2350 arabicus
828 2285 932 2350 codex
962 2285 991 2348 is
1020 2307 1085 2368 quo
1117 2285 1158 2350 ad
1189 2286 1351 2350 edendum

152 2395 317 2461 Wallinus
344 2417 424 2461 usus
452 2402 516 2477 est,
548 2418 588 2460 ex
615 2396 770 2479 Aegypto
798 2395 946 2461 Parisios
975 2417 1056 2461 cura
1077 2395 1265 2462 Wanslebii
1294 2398 1349 2462 ad·

148 2514 262 2572 vectus
294 2513 359 2588 est,
391 2508 447 2591 qui
479 2507 567 2572 haud
594 2507 693 2572 dubie
725 2528 766 2572 ex
794 2507 906 2590 ahquo
935 2507 1118 2590 Coptorum
1148 2509 1351 2575 monasterio

149 2620 217 2683 sive
234 2618 324 2685 Cairi
349 2620 417 2684 sive
439 2620 474 2683 in
495 2619 626 2684 deserto
641 2618 770 2702 Libyae
794 2619 935 2703 adeptus
958 2625 1038 2685 erat.
1082 2619 1189 2686 Porro
1206 2618 1351 2705 Ooptum

149 2730 355 2811 potissimum
387 2735 556 2794 auctorem
587 2729 665 2795 libri
697 2730 815 2796 suadet
846 2731 934 2814 quod
966 2731 1073 2795 cultus
1106 2733 1240 2796 nutricii
1271 2732 1351 2797 Iesu

148 2838 394 2923 Monophysitis
431 2839 588 2905 africanis
623 2862 702 2924 prae
739 2843 859 2907 ceteris
890 2847 1066 2924 tantopere
1096 2843 1223 2925 placuit
1254 2850 1292 2907 ut
1323 2845 1351 2908 is

149 2951 237 3034 apud
260 2950 386 3034 Coptos
412 2952 554 3033 primum
577 2950 729 3017 videatur
757 2974 854 3018 suum
881 2952 968 3019 diem
995 2952 1117 3020 festum
1145 2954 1351 3038 habuisse2).

149 3060 248 3147 Quod
269 3061 459 3127 institutum
481 3061 636 3155 aUOoptis
659 3061 700 3127 ad
723 3061 806 3128 alios
822 3062 1030 3129 Christianos
1049 3065 1226 3130 orientales
1245 3073 1346 3149 atque

149 3173 254 3238 multo
275 3178 352 3255 post
373 3194 413 3238 ex
434 3174 561 3239 oriente
582 3174 617 3237 in
640 3174 812 3239 ecclesiam
834 3173 973 3238 latinam
995 3176 1156 3240 transisse
1179 3176 1352 3259 probabile

150 3289 200 3349 est
212 3284 247 3366 ³).
296 3283 351 3348 Ad
382 3284 416 3349 id
448 3285 535 3350 enim
567 3285 710 3349 historia
740 3285 890 3368 Iosephi,
921 3286 1076 3352 homiliae
1107 3288 1219 3370 potius
1251 3310 1352 3371 quam

122 3496 128 3511 ’
236 3499 259 3564 1)
279 3499 321 3553 Cf.
336 3505 473 3553 bosamen.
491 3504 608 3568 caulog.
628 3503 756 3554 biblioth.
770 3504 869 3553 Medic.
889 3502 1017 3554 Laurent.
1038 3509 1066 3554 et
1083 3505 1171 3555 Pelet.
1190 3505 1268 3556 codd.
1286 3523 1350 3557 mss.

151 3589 276 3639 oriantsl.
296 3587 429 3650 (Floreat.
445 3588 532 3650 1742.)
552 3606 578 3654 p.
592 3591 642 3639 164
660 3605 720 3653 sqq.
757 3591 829 3640 Thil.
850 3591 908 3641 cod.
927 3606 1016 3655 apocr.
1036 3608 1061 3655 p.
1074 3590 1144 3640 XXI.

235 3670 259 3735 2)
279 3673 306 3723 ls
325 3679 436 3724 notetur
454 3675 482 3724 in
502 3672 662 3740 Synsxiriu,
682 3675 754 3740 quod
771 3691 851 3741 supra
870 3678 1144 3734 commemoravimus,
1163 3693 1224 3743 pag.
1237 3679 1297 3728 185.
1317 3678 1352 3728 sd

150 3758 222 3809 diem
242 3759 284 3807 26.
303 3760 403 3808 mansis
421 3760 490 3809 Abib
509 3759 538 3822 (i.
557 3776 579 3811 e.
597 3763 640 3810 20.
658 3776 692 3811 m.
711 3760 787 3823 lolii)
811 3761 900 3810 vorbis
918 3760 961 3810 his
980 3762 1089 3826 Μαίη
1105 3764 1189 3811 saneti
1205 3766 1273 3814 tenir
1290 3766 1352 3814 casu

150 3846 253 3908 Iosephi
263 3845 341 3909 sobri
359 3845 476 3909 liquos-ii,
494 3847 628 3909 Deiparar
644 3848 753 3911 cirpinv'r
769 3847 875 3897 Mariae
892 3850 987 3910 sponsi,
1006 3850 1049 3912 qai
1061 3853 1141 3912 pater
1151 3850 1249 3900 Oto-ists·
1264 3853 1353 3901 vocari
1434 3880 1441 3889 -

146 3933 299 3996 promeruit.

237 4012 259 4078 ³)
279 4014 322 4064 Ite
340 4020 484 4064 senserunt
502 4017 584 4066 etism
602 4017 842 4069 Tillsmontius
861 4023 890 4069 et
907 4020 1103 4070 Bollsndus.
1139 4020 1192 4071 Illo
1212 4025 1283 4072 enim
1297 4023 1352 4071 Me·

150 4103 242 4152 moires
262 4117 330 4163 poor
347 4100 430 4149 servir
447 4101 464 4149 d
482 4101 608 4152 l'ln’atoire
630 4103 718 4154 sceler.
744 4109 808 4156 tom.
824 4103 846 4154 1.
871 4121 897 4168 p.
915 4108 938 4157 l.
961 4122 1022 4171 pag.
1041 4109 1100 4156 1235.
1120 4109 1159 4157 sic
1178 4108 1285 4158 scribit:
1313 4111 1352 4158 Or

149 4188 257 4253 pretend
276 4203 322 4251 que
341 4186 378 4236 lae
391 4186 498 4251 Gophna
515 4191 540 4238 et
558 4188 596 4238 lar
613 4193 701 4239 cutm
715 4191 857 4240 Orieutm
874 4207 905 4240 eo
915 4193 979 4257 sont
996 4209 1043 4241 m
1053 4194 1198 4258 sesteford
1215 4195 1352 4245 roknoella

152 4273 177 4323 lo
199 4276 243 4322 20.
262 4273 293 4321 do
311 4272 419 4330 Jonas,
442 4275 535 4338 auqrsd
552 4276 587 4324 ile
603 4280 708 4325 monent
724 4293 754 4324 ra
772 4282 838 4326 mort
855 4294 900 4326 aar
918 4279 1050 4329 l'ootoritd
1065 4280 1140 4328 d'm
1156 4281 1196 4329 oie
1215 4280 1303 4344 pleine
1319 4283 1352 4331 de

152 4358 244 4408 rables.
287 4357 433 4407 Bollandur
457 4361 524 4409 croit
548 4376 594 4424 qua
617 4360 654 4410 les
679 4362 781 4411 Comma
804 4366 847 4411 ont
871 4363 980 4427 append
998 4364 1118 4414 d'Orient
1145 4369 1209 4414 ceto
1228 4367 1301 4430 sorte
1321 4383 1353 4415 en
