2962 4912
148 328 208 390 114
440 328 488 380 na
506 329 718 380 ascivimus
736 330 878 379 maaian.
907 326 982 378 car.
1001 328 1051 379 111.

146 485 182 544 et
197 478 353 545 Ioachim
369 479 539 544 ascendit.
569 479 623 543 Ea
638 500 718 544 vero
735 485 943 562 tempestate
962 478 1107 544 Isachar
1121 479 1170 546 ibi
1187 480 1353 565 pontifex

145 589 229 647 erat.
261 581 417 667 Cumque
435 584 528 647 inter
545 588 680 648 ceteros
698 586 857 649 concives
875 604 957 649 suos
975 584 1078 648 ctiam
1095 582 1253 649 Ioachim
1271 604 1352 648 cum

145 686 323 751 oblatione
347 707 410 750 sua
425 686 575 767 videret,
600 686 761 769 despexit
782 707 860 751 eum
883 694 919 751 et
940 707 1085 751 munera
1107 688 1183 751 eius
1206 686 1351 769 sprevit,

39 838 42 843 .
144 789 365 872 interrogans
391 809 453 853 cur
479 790 572 853 inter
596 788 766 855 secundos
793 788 1004 855 infecundus
1030 779 1224 873 ipse'stare
1250 810 1352 872 prae·

145 898 312 971 sumeret3
337 891 457 958 dicens
480 911 625 957 munera
646 913 867 975 nequaquam
888 892 954 957 deo
978 892 1084 975 digna
1103 913 1207 977 posse
1223 892 1349 975 videri,

144 996 308 1077 quoniam
330 994 444 1077 ipsum
460 994 557 1077 prole
580 995 763 1078 indignum
786 995 992 1075 iudicasset,
1017 995 1190 1079 scriptura
1206 994 1350 1059 dicente

142 1096 366 1162 maledictum
398 1117 534 1162 omnem
567 1118 642 1162 csse
675 1098 735 1180 qui
767 1117 836 1162 non
868 1098 1050 1180 genuisset
1080 1097 1275 1163 masculum
1312 1098 1348 1162 in

141 1198 264 1265 Israel.
301 1198 455 1265 Dicebat
477 1220 558 1283 crgo
575 1200 673 1283 prius
691 1221 768 1265 cum
791 1200 833 1265 ab
857 1201 921 1266 hac
941 1200 1189 1266 maledictione
1212 1199 1349 1265 sobolis

142 1302 369 1386 generatione
395 1303 613 1385 solvendum,
640 1310 676 1367 et
700 1304 751 1368 sic
774 1303 911 1368 demum
937 1305 973 1367 in
1000 1309 1191 1387 conspectu
1212 1302 1349 1368 domini

143 1425 219 1470 cum
242 1405 479 1472 oblationibus
502 1427 577 1472 esse
599 1413 792 1472 venturum.
839 1404 978 1472 'Cuius
1001 1407 1181 1490 opprobrii
1204 1405 1349 1471 obiectu

141 1507 275 1591 pudore
287 1530 411 1593 magno
424 1509 576 1575 suffusus
587 1508 744 1575 Ioachim
761 1509 804 1574 ad
815 1516 975 1592 pastores
987 1509 1046 1592 qui
1061 1529 1138 1573 cum
1148 1506 1350 1592 pecudibus

142 1618 242 1677 erant
263 1612 300 1676 in
320 1613 461 1695 pascuis
483 1613 556 1678 suis
579 1613 741 1694 secessit3
764 1633 878 1697 neque
901 1613 993 1678 enim
1013 1613 1150 1677 domum
1174 1610 1350 1694 repedare

139 1714 261 1796 voluit,
283 1735 327 1779 ne
344 1715 435 1781 forte
452 1737 472 1781 a
489 1715 748 1781 contribulibus
765 1716 849 1797 suis,
868 1716 927 1798 qui
945 1715 1049 1780 simul
1064 1714 1212 1780 aderant
1228 1720 1266 1780 et
1281 1713 1352 1780 hoc

141 1818 358 1884 asacerdote
376 1818 571 1899 audierant,
592 1819 714 1884 eodem
734 1818 913 1902 opprobrii
931 1817 1046 1901 elogio
1064 1822 1258 1884 notaretur.

635 2038 756 2107 Oscor
779 2040 845 2105 ΙΙΙ.

227 2210 379 2279 ¹Verum
397 2233 473 2278 cum
490 2212 540 2278 ibi
557 2213 773 2296 aliquamdiu
791 2219 895 2293 esset,
913 2212 1062 2297 quadam
1079 2212 1135 2276 die
1154 2231 1231 2276 cum
1250 2216 1350 2276 esset

141 2314 253 2397 eolus,
279 2315 425 2400 angelus
448 2315 580 2381 domini
603 2317 636 2381 ei
658 2336 737 2381 cum
758 2315 927 2380 immenso
950 2313 1081 2379 lumine
1106 2313 1231 2379 astitit.
1274 2309 1347 2396 Qui

141 2437 217 2482 cum
240 2417 284 2483 ad
306 2417 382 2483 eius
401 2417 569 2482 visionem
592 2418 806 2500 turbaretur,
830 2418 975 2501 angelus
993 2418 1054 2501 qui
1075 2418 1108 2481 ei
1129 2424 1346 2502 apparuerat

139 2520 298 2586 timorem
316 2521 391 2586 eius
403 2522 619 2604 compescuit
630 2521 765 2587 dicens:
789 2520 873 2587 Noli
890 2522 1024 2603 timere,
1041 2520 1208 2603 Ioachim,
1227 2542 1347 2605 neque

139 2625 174 2688 in
185 2618 319 2689 visione
336 2644 413 2689 mea
428 2624 597 2690 turberis:
616 2646 679 2708 ego
697 2625 789 2690 enim
806 2646 882 2689 sum
897 2624 1043 2708 angelus
1054 2624 1196 2706 domini,
1213 2626 1346 2691 missus

139 2726 181 2791 ab
199 2728 275 2809 ipso
292 2726 337 2792 ad
354 2733 400 2809 te,
418 2733 457 2793 ut
473 2728 679 2794 annuntiem
694 2727 760 2793 tibi
776 2748 898 2811 preces
915 2734 993 2792 tuas
1012 2748 1087 2792 esse
1106 2726 1290 2793 exauditas
1309 2734 1346 2794 et

140 2829 377 2913 eleemosynas
407 2836 486 2895 tuas
519 2830 720 2895 ascendisse
751 2830 787 2894 in
814 2836 1040 2913 conspectum
1071 2830 1157 2894 eius.
1202 2829 1343 2898 Videne

140 2933 268 3015 quippe
284 2932 372 2996 vidit
386 2932 555 3015 pudorem
572 2940 670 2998 tuum
694 2938 729 2998 ct
745 2933 879 2998 audivit
895 2932 1093 2998 sterilitatis
1114 2931 1343 3015 opprobrium

140 3057 209 3100 non
225 3040 319 3100 recte
336 3035 402 3101 tibi
419 3036 605 3102 obiectum.
643 3036 786 3101 Peccati
804 3057 968 3119 namque,
992 3058 1062 3102 non
1077 3043 1224 3102 naturae
1247 3037 1344 3102 ultor

139 3145 194 3204 est
209 3139 306 3220 deus,
324 3144 359 3203 et
374 3138 454 3203 ideo
472 3159 550 3203 cum
566 3138 715 3204 alicuius
733 3145 870 3205 uterum
888 3139 1030 3221 claudit,
1052 3138 1179 3205 adhoc
1196 3139 1286 3204 facit
1301 3146 1342 3204 ut

138 3241 334 3306 mirabilius
351 3241 466 3306 denuo
484 3243 633 3325 aperiat,
655 3247 691 3307 et
707 3263 776 3308 non
792 3242 952 3307 libidinis
976 3263 1052 3308 esse
1070 3241 1164 3326 quod
1180 3243 1342 3308 nascitur

138 3452 259 3500 mendic.
284 3451 316 3500 Ia
335 3468 365 3500 ea
376 3453 524 3516 festivitate
536 3477 544 3488 ·
558 3453 656 3501 videret
674 3455 817 3501 ammaum
829 3477 838 3487 ·
852 3452 892 3500 vir
905 3449 1004 3517 [stare]
1019 3469 1105 3516 praes.
1123 3454 1172 3501 dir.
1191 3469 1258 3502 mss.
1271 3469 1340 3502 ssa-

138 3538 255 3601 quoniam
273 3537 354 3598 ipsam
373 3536 512 3600 (scribitur
531 3522 573 3601 ff
588 3523 648 3600 iffi.
690 3536 799 3587 Comasi
820 3537 855 3587 sd
876 3539 946 3588 hauc
965 3537 1065 3589 codicis
1082 3540 1157 3588 Amb.
1178 3540 1340 3604 scripturam

137 3620 253 3671 Fabricii
266 3622 412 3672 lectionem
425 3627 544 3685 quaeest
557 3638 628 3686 quem
640 3624 708 3685 ipse,
726 3623 852 3673 similiter
864 3623 923 3674 Par.
936 3640 1008 3688 quoa.
1021 3624 1086 3688 pse)
1099 3649 1107 3662 ·
1120 3625 1254 3673 iudicabat
1266 3649 1275 3660 ·
1288 3640 1339 3672 mo·

138 3706 256 3756 ledictum
274 3708 395 3756 hominem
415 3706 474 3769 (sed
493 3700 587 3757 cmm
606 3710 686 3760 etism
700 3709 758 3760 Psr.
772 3709 922 3770 confirmat)
937 3711 981 3774 qai
992 3735 1000 3745 ·
1012 3710 1149 3759 masculam
1162 3709 1202 3758 oel
1211 3709 1342 3774 semisses

138 3789 201 3853 (hoc
213 3790 426 3844 additamentum
444 3793 485 3843 vel
491 3795 619 3859 semissem
636 3809 690 3844 non
703 3799 810 3844 tantum
823 3794 900 3845 deest
918 3794 990 3858 apud
1002 3794 1152 3845 Fabricium
1171 3800 1199 3844 et
1214 3793 1339 3853 Vsllsrs.,

137 3877 184 3927 sed
199 3878 279 3927 etism
292 3879 321 3928 in
333 3879 401 3938 Pan,
415 3879 479 3929 hinc
492 3895 547 3929 non
559 3879 723 3943 addidimus)
736 3884 788 3931 etc.

206 3965 230 4012 2.
245 3963 396 4025 pecudibus:
408 3963 467 4012 Par.
476 3965 609 4026 pecoribus
618 3966 686 4014 eius:
699 3964 797 4014 deinde
808 3965 866 4016 Par.
879 3967 983 4015 recessit
997 3963 1000 4031 l
1015 3966 1146 4027 repedare,
1157 3965 1230 4029 quod
1240 3970 1270 4015 et
1279 3964 1341 4015 Psr.

138 4051 166 4098 et
178 4047 253 4098 Amb.
266 4047 376 4108 babent,
390 4054 471 4098 autes
482 4049 547 4098 dom.
561 4053 675 4112 repetere
688 4049 789 4100 editum
803 4057 853 4100 est.

206 4131 257 4190 111,
277 4135 300 4183 l.
320 4148 411 4195 preces
423 4138 481 4183 teas
493 4160 502 4170 ·
515 4139 541 4184 st
551 4133 719 4201 eleemosynas
737 4161 746 4173 ·
766 4136 961 4199 inconspectum
973 4134 1043 4199 (Par.
1056 4135 1201 4199 conspecta)
1214 4137 1284 4185 es’sss:
1303 4138 1340 4186 cf.

137 4217 180 4267 ΡΙ.
192 4218 292 4267 Matth.
305 4217 356 4278 ΙΙΙ,
373 4221 398 4268 4.
411 4220 602 4271 misericordiae
615 4220 703 4283 (amb.
717 4222 857 4283 motiones)
871 4238 935 4286 qaas
947 4226 975 4271 ts
987 4226 1013 4271 et
1023 4224 1102 4271 Aaou
1113 4237 1178 4271 usos·
1190 4226 1237 4272 tua
1249 4221 1340 4286 (Amb.

137 4307 165 4352 ts
177 4307 203 4352 et
213 4303 281 4367 ipsa)
286 4305 392 4369 feristis
403 4306 430 4354 iss
443 4311 576 4369 conspecte
588 4306 708 4355 altissimi
720 4307 844 4356 recitatae
855 4311 921 4356 sunt.
937 4304 941 4370 Ι
954 4323 1004 4358 scs
1015 4312 1084 4357 recta
1098 4314 1130 4357 ut
1143 4307 1213 4358 Vsu.
1226 4309 1256 4358 et
1269 4307 1342 4368 Pasa,

136 4388 214 4438 Fabr-
233 4397 261 4439 et
275 4389 344 4440 Thil.
362 4396 487 4441 ucrscte
506 4390 510 4457 Ι
529 4392 635 4441 Psrosts'
651 4408 757 4457 samque
769 4417 778 4429 ·
792 4397 973 4457 coquoseatur:
991 4394 1041 4443 boc
1058 4393 1194 4457 proprium
1212 4398 1256 4443 est
1275 4393 1341 4446 huic

136 4474 286 4539 essngsllo.
