2962 4912
138 308 251 356 xuvm
601 286 873 341 Pssoueeousua.

142 466 215 511 cum
239 445 280 509 iis
303 442 534 510 convenientia
557 461 641 523 quae
665 439 824 506 Irenaeus
847 439 918 504 adr.
933 440 1060 504 haeres.
1074 439 1104 522 I,
1119 442 1169 503 20.
1192 461 1233 504 ex
1248 437 1341 504 Mar·

139 557 304 622 cosiorum
330 553 441 619 libello
470 551 567 618 affert
594 557 632 616 ut
660 558 718 617 aut
744 552 929 617 Marcosios
956 551 1077 616 librum
1104 550 1253 616 Thomas
1280 557 1340 616 aut

139 665 447 733 Pseudo-Theman
478 662 720 729 Marcosiorum
753 662 873 727 librum
904 662 1093 727 adhibuisse
1125 663 1341 727 statuendum

140 779 192 843 sit.
236 776 310 842 Iam
332 796 409 841 vero
432 774 472 840 ab
497 772 740 839 Marcosiorum
763 775 873 856 aliquo
896 775 1004 856 ipsum
1026 773 1172 839 Thomas
1202 795 1340 857 evange·

138 890 218 956 lium
242 888 466 970 conscriptum
490 906 571 968 esse,
594 906 659 950 non
682 887 752 950 sine
775 885 1011 968 probabilitate
1034 906 1108 951 cum
1127 885 1339 951 Bellosobrio

139 1001 275 1080 dixeris,
298 998 461 1081 siquidem
484 1019 568 1080 quae
592 997 744 1081 gnostica
766 1017 837 1062 esse
861 996 1001 1060 vidimus
1024 996 1138 1061 eadem
1160 997 1341 1062 Marcosiis

141 1111 314 1178 convenire
347 1108 504 1175 credibile
536 1115 601 1188 est3
632 1107 827 1192 allegoricos
850 1129 926 1173 vero
954 1108 1142 1174 litterarum
1172 1109 1264 1173 lusus
1296 1130 1341 1174 an

139 1222 196 1289 alii
219 1228 353 1305 praeter
376 1220 562 1286 Marcosios
584 1220 794 1285 exercuerint
805 1221 830 1301 1)
859 1241 926 1284 non
951 1219 1064 1301 liquet.
1108 1219 1165 1285 Ab
1188 1219 1239 1284 his
1262 1241 1341 1285 vero

141 1340 319 1417 postquam
343 1334 495 1397 inventus
518 1338 570 1396 est
591 1330 733 1411 libellus,
757 1330 799 1395 ad
822 1330 967 1413 reliquos
989 1329 1146 1411 Docetas,
1168 1331 1210 1395 ad
1231 1329 1341 1396 Nass-

139 1466 236 1511 seuos
259 1450 358 1525 (teste
375 1442 692 1526 Pseudo-Origene),
715 1443 866 1525 inprimis
888 1442 931 1506 ad
955 1441 1170 1508 Manichacus
1191 1443 1340 1524 transiit3

140 1576 246 1640 neque
269 1555 402 1638 passim,
424 1561 462 1619 ut
484 1559 598 1620 notum
620 1561 680 1634 est,
703 1555 783 1637 ipsis
806 1553 990 1621 Catholicis
1013 1552 1179 1636 displicuit
1190 1555 1226 1635 ¹).

209 1742 311 1811 VHI.
354 1741 678 1810 EVANGELIUM
704 1740 976 1808 INFANTIAE
1000 1740 1263 1808 ARABICUM.

226 1879 413 1962 Antiquam
439 1879 529 1944 istud
556 1901 596 1944 ac
624 1879 836 1944 memorabile
863 1885 1111 1944 monumentum
1135 1881 1340 1962 superstitio·

141 1993 192 2056 nis
220 1990 487 2058 Christianorum
519 1991 728 2055 orientolium
759 1989 925 2055 noluimus
952 1989 1064 2055 deesse
1096 1991 1131 2055 in
1158 1991 1222 2056 hac
1252 2013 1340 2058 nova

140 2102 406 2187 apocryphorum
438 2101 683 2185 eritngeliorum
714 2100 918 2166 collect-ione.
971 2100 1069 2185 Quod
1100 2123 1201 2185 quum
1233 2104 1342 2185 prima

141 2221 245 2298 parte,
268 2234 327 2296 per
350 2213 461 2295 capita
483 2212 552 2278 fere
575 2234 700 2283 novem.
723 2213 765 2277 ad
788 2213 958 2295 evangelia
980 2212 1253 2296 Pseudo-Iacchi,
1275 2214 1341 2280 Lu·

140 2346 199 2391 cae
226 2331 260 2389 et
281 2323 461 2401 Matthaei,
492 2331 653 2405 extrema,
685 2323 761 2389 inde
784 2345 804 2387 a
825 2325 994 2388 tricesimo
1023 2331 1116 2390 sexto
1145 2327 1266 2407 capite,
1297 2326 1341 2392 ad

141 2433 433 2503 Pseudo-Thomas
448 2434 569 2499 librum
585 2435 778 2517 plerumque
802 2435 1040 2500 conformatum
1063 2443 1122 2517 est,
1143 2443 1214 2501 tum
1231 2438 1342 2504 media

141 2553 245 2631 parte,
267 2546 429 2612 odecimo
453 2546 562 2629 eapite
586 2566 690 2628 usque
713 2546 755 2610 ad
776 2547 980 2611 tricesimum
995 2548 1161 2641 quintum·
1178 2549 1340 2614 eiusmodi

142 2659 283 2723 maxime
307 2657 434 2722 fabulas
457 2659 605 2722 continet
621 2679 705 2739 quas
728 2659 861 2740 proprie
883 2657 1060 2723 orientales
1074 2659 1175 2739 dicas,
1197 2660 1343 2743 repletas

143 2770 270 2835 &trina
292 2768 588 2851 daemonibusque,
615 2769 779 2834 veneficiis
801 2771 1005 2853 magicisque
1032 2771 1168 2835 artibus.
1212 2771 1342 2838 Eodem

142 2879 295 2945 orientali
326 2881 459 2962 ingenio
492 2902 557 2962 quo
588 2880 670 2945 haec
707 2881 833 2963 scripta
864 2888 942 2945 sunt
971 2881 1082 2945 veilent
1112 2904 1152 2947 ea
1183 2905 1268 2965 quae
1299 2885 1342 2950 ad

143 2999 328 3056 commenta
351 3013 391 3055 ex
413 2992 542 3075 graecis
563 2991 741 3073 latinisque
763 2991 857 3057 libris
872 2993 977 3074 petita
991 2992 1168 3073 adduntur,
1191 3004 1228 3059 ut
1248 3002 1342 3060 ortus

144 3101 289 3167 Messias
305 3123 327 3168 a
341 3101 522 3167 Zoroastre
536 3102 727 3185 praedictus
750 3102 991 3186 (capitem),
1012 3111 1048 3168 ut
1071 3106 1183 3170 taenia
1205 3107 1344 3174 infantis

143 3235 165 3279 a
182 3212 293 3278 Maria
316 3215 421 3297 tnagis
442 3213 657 3279 adorantibus
678 3213 766 3281 data.
788 3217 864 3298 igne
886 3237 952 3280 uon
974 3215 1212 3298 comprehensa
1234 3224 1342 3303 (capp.

144 3322 232 3395 vn.
255 3323 384 3403 tm).
412 3331 449 3389 ut
471 3347 557 3407 «quae
580 3325 620 3390 de
642 3326 737 3408 pueri
758 3327 879 3408 perit-ia
900 3327 1125 3392 astronomica
1147 3336 1180 3392 et
1203 3329 1342 3413 physica

143 3434 378 3518 praedicantur
401 3442 507 3519 (capp.
525 3434 589 3517 LI,
609 3435 701 3517 LII.)
746 3436 825 3502 Huc
847 3437 988 3519 quadrat
1013 3439 1113 3503 etiam
1136 3439 1226 3521 quod
1249 3461 1342 3523 syco-

144 3568 257 3613 morus
271 3569 376 3631 prope
391 3547 578 3613 Mataream
594 3570 716 3632 pagum
737 3570 803 3614 una
824 3570 897 3612 cum
914 3549 1006 3614 fonte
1029 3549 1085 3629 (ci.
1100 3571 1170 3633 cap.
1186 3551 1341 3633 XXIV.)

144 3659 323 3723 etiamnum
346 3658 380 3722 in
402 3660 616 3724 veneratione
638 3659 790 3741 habetur,
812 3670 846 3724 et
864 3659 998 3741 quidem
1019 3683 1041 3725 a
1054 3659 1342 3728 Mohammedanis

145 3767 220 3833 illas
242 3770 394 3851 regiones
416 3769 634 3835 insolentibus
656 3770 782 3852 pariter
805 3777 906 3853 atque
929 3793 948 3835 a
971 3771 1172 3837 Christianis
1199 3776 1342 3840 orienta-

144 3878 240 3943 libus.
269 3878 357 3944 Item
372 3880 460 3963 quod
481 3881 639 3947 memoria
660 3882 773 3964 templi
796 3883 831 3945 in
846 3904 912 3964 quo
928 3904 1082 3965 magnum
1097 3885 1340 3967 Aegpptiorum

229 4108 253 4171 ¹)
269 4111 327 4161 Rae
349 4111 384 4162 de
407 4128 435 4163 rs
457 4114 493 4163 ct.
516 4115 604 4164 lotum
628 4114 834 4165 disertissimum
857 4117 886 4165 in
908 4115 982 4183 Orig.
1001 4117 1157 4182 Philosoph.
1180 4119 1222 4169 ed.
1241 4122 1340 4171 Miller.

143 4196 230 4248 Oson-
250 4199 325 4249 1851.
347 4202 475 4264 1³⁸5.ssss
494 4217 552 4265 sqq.

229 4276 314 4340 Μὰ
331 4281 402 4331 hanc
419 4281 453 4332 de
471 4290 568 4333 natm
585 4284 721 4349 evangelii
738 4287 933 4349 expositionem
953 4304 1042 4337 rursus
1060 4288 1230 4341 adhibuimus
1242 4291 1339 4344 diesen

143 4363 276 4415 werten
294 4376 413 4415 nocturn
431 4365 568 4432 Ηιςιω
591 4365 606 4429 5
624 4370 665 4418 ra
