2962 4912
603 335 876 389 PROLEGOHENA.
1280 355 1343 400 1⁴11

162 487 256 567 Pilati,
277 486 298 550 i.
316 506 343 550 e.
365 489 405 549 ut
425 485 593 550 Iustinum
615 507 720 568 aeque
743 507 782 551 ae
803 487 893 568 ipsos
916 490 1049 551 nostros
1073 486 1202 551 codices
1226 507 1342 569 sequa·

161 620 229 680 mur,
257 597 303 660 τὰ
330 599 392 660 {ml
421 598 568 682 lloprlou
596 597 748 662 Πιλάτου
775 597 948 683 γεμόμεμα
975 599 1077 675 ἄκτα,
1109 597 1199 680 quod
1220 617 1340 663 nomen

158 709 279 779 Graecis
302 708 498 790 celebratur,
519 729 656 791 prorsus
677 730 744 774 non
762 709 907 792 pendere
921 731 942 775 a
956 709 1156 775 testimoniis
1172 709 1211 774 de
1226 730 1342 789 „evan-

155 822 226 908 gelio
246 818 452 902 Nicodemi‘g
474 821 541 885 iam
564 822 645 886 satis
668 842 833 904 superque
856 823 982 887 clarum
1006 843 1077 887 esse
1099 821 1261 888 existimo.

223 957 278 1023 De
301 959 421 1024 ceteris
443 958 521 1024 libri
543 960 650 1024 nostri
672 959 861 1025 nominibus
883 981 985 1025 unum
1007 960 1159 1043 inprimis
1181 980 1342 1024 memora·

150 1069 204 1136 bile
226 1075 287 1152 est,
310 1091 377 1152 quo
401 1075 435 1135 et
456 1070 529 1153 ipso
552 1070 713 1153 probatur
736 1072 883 1153 antiquis
907 1071 1068 1153 evangelii
1083 1070 1258 1137 Nicodemi
1274 1091 1342 1136 non

147 1180 258 1247 librum
287 1181 345 1246 sed
373 1202 494 1247 nomen
520 1183 671 1265 ignotum
699 1182 809 1248 fuisse.
853 1182 895 1247 In
919 1182 1085 1249 Vaticano
1114 1183 1201 1247 enim
1229 1182 1341 1249 codice

145 1313 211 1359 neo
235 1293 271 1374 (i.
288 1314 315 1358 e.
331 1300 366 1375 a)
391 1294 481 1357 etin
505 1292 687 1359 Parisiensi
710 1295 804 1359 3338.
827 1294 1051 1377 „evangelium
1073 1294 1341 1360 Nazaraeorum“

144 1403 276 1487 dicitur,
314 1425 380 1488 quo
412 1405 545 1470 nomine
577 1406 678 1471 etiam
709 1405 797 1487 apud
827 1405 1043 1472 Vincentium
1072 1405 1341 1471 Belloraoensem

142 1514 238 1581 semel
262 1516 312 1596 (in
334 1515 474 1600 prologo
497 1516 541 1582 ad
563 1517 741 1600 Speculum
761 1517 928 1600 naturale)
953 1517 1145 1600 insignitum
1174 1517 1341 1582 similiter·

140 1648 199 1709 que
225 1627 261 1691 in
285 1627 469 1694 Oxoniensi
496 1628 609 1694 codice
643 1634 708 1712 est,
736 1651 775 1694 ex
802 1630 987 1694 recentiore
1014 1633 1053 1694 ut
1079 1629 1210 1694 ridetur
1233 1650 1341 1694 emen·

140 1738 285 1822 (latione,
322 1741 551 1823 „evangelium
587 1738 838 1806 Nazaraeorum
875 1740 1054 1806 secundum
1089 1739 1340 1806 Nicodemum“.

140 1849 212 1915 Hoc
242 1851 356 1916 nescio
389 1872 432 1916 an
463 1852 539 1917 inde
571 1853 732 1935 originem
763 1854 906 1917 traxerit
933 1852 1022 1936 quod
1049 1851 1191 1916 Latinus
1220 1852 1340 1934 aliquis

140 1960 216 2026 illud
239 1959 490 2029 Na'zaraeorum
519 1964 738 2047 evangelium,
768 1964 855 2047 quod
878 1964 1104 2049 Hieronymus
1133 1984 1173 2028 ex
1196 1963 1339 2029 hebraeo

141 2074 171 2138 in
189 2072 334 2139 latinum
357 2095 377 2139 a
399 2096 434 2140 se
457 2075 658 2140 translatum
677 2075 768 2156 dicit,
790 2075 918 2158 pridem
941 2075 1158 2159 deperditum,
1180 2075 1232 2139 his
1255 2095 1341 2140 com·

143 2186 319 2269 mentumis,
341 2206 482 2269 quorum
505 2186 648 2252 fortasse
671 2187 840 2270 exemplar
861 2188 953 2252 nulla
974 2187 1181 2270 praefatione
1205 2191 1340 2251 auctum

143 2297 345 2362 inmanibus
367 2298 519 2379 haberet,
542 2298 684 2364 feliciter
705 2300 869 2365 invenisse
893 2300 956 2365 sibi
978 2300 1068 2364 visus
1091 2301 1135 2364 sit
1157 2300 1339 2363 inventum·

144 2429 198 2490 que
220 2409 295 2491 ipso
318 2408 418 2475 titulo
441 2410 690 2492 exprimendum
713 2413 888 2476 censuerit.

219 2544 312 2610 Illud
335 2567 412 2612 vero
436 2546 570 2612 difficile
593 2548 684 2613 dictu
708 2555 759 2613 est
779 2549 911 2631 quando
935 2554 969 2614 et
990 2570 1011 2613 a
1028 2528 1173 2630 quonam
1194 2547 1337 2630 primum

146 2656 219 2722 liber
240 2664 358 2723 noster
381 2657 507 2724 duabus
529 2660 681 2742 partibus
708 2661 743 2725 in
770 2681 872 2726 unum
899 2660 1085 2725 coniunctis
1112 2659 1157 2723 sit
1184 2659 1338 2724 emissus:

145 2768 222 2850 quod
255 2768 395 2835 editoris
427 2771 611 2852 exemplum
638 2777 756 2854 postea
783 2770 950 2837 nonnullis
978 2792 1079 2853 quum
1107 2771 1235 2854 graecis
1266 2776 1338 2835 tum

144 2878 247 2943 latinis
279 2880 421 2964 aliisque
451 2903 557 2965 usque
589 2882 672 2947 adeo
704 2882 829 2964 placuit
860 2888 898 2947 ut
927 2887 1125 2965 repeterent.
1174 2881 1231 2946 Ad
1263 2902 1338 2945 eum

144 2990 267 3073 quidem
283 2993 342 3074 qui
364 2992 449 3058 libro
468 2993 644 3076 prologum
658 2992 812 3076 praefixit
831 2993 866 3057 id
886 3015 953 3058 non
973 2993 1181 3058 referendum
1197 2992 1337 3074 videtur,

144 3103 293 3184 quoniam
316 3104 364 3167 nil
386 3105 456 3169 eius
479 3105 528 3168 rei
551 3105 750 3187 significavit
771 3105 806 3170 in
829 3104 968 3188 prologo
992 3127 1062 3185 suo,
1087 3105 1239 3170 etmulti
1262 3126 1336 3169 cum

142 3213 272 3297 prologo
306 3214 436 3280 codices
467 3215 632 3281 habentur
662 3217 787 3298 absque
814 3217 956 3282 historia
983 3216 1125 3281 filiorum
1153 3216 1337 3300 Symeonis.

142 3321 267 3390 Primus
296 3325 429 3409 quidem
461 3327 655 3392 coniunctas
685 3333 798 3410 partes
829 3328 953 3392 latinus
985 3328 1088 3394 codex
1114 3327 1335 3392 Einsidlensis

141 3439 292 3516 testatur,
321 3458 419 3519 quem
446 3438 577 3504 saeculo
601 3439 726 3504 decimo
754 3440 900 3523 priorem
929 3440 1128 3504 existimant.
1172 3438 1257 3505 Sunt
1279 3460 1336 3504 au-

140 3551 215 3629 tem,
243 3552 282 3611 ut
309 3548 429 3633 liquet,
458 3571 533 3615 eum
562 3551 595 3614 in
622 3551 721 3616 finem
744 3552 940 3617 coniunctae
962 3557 1000 3616 ut
1021 3551 1219 3633 gravitatem
1241 3550 1334 3615 testi·

138 3810 242 3876 scripsit
259 3811 405 3876 mmm
422 3817 505 3863 ostem
522 3814 638 3864 ὀοιιιίιιιιε
655 3831 704 3879 prr
722 3816 895 3880 quadragina
911 3817 967 3866 dies
984 3832 1039 3865 euos
1055 3815 1192 3880 discipulis
1208 3816 1239 3865 dc
1256 3831 1334 3879 reguo

137 3895 173 3944 (lsi
194 3896 347 3959 Μαριέων,
373 3897 516 3946 sidentibsu
537 3898 593 3947 illie
610 3899 637 3947 s'ss
654 3899 717 3948 subs
734 3905 863 3963 succeptus
880 3904 1026 3965 moetusque
1043 3901 1071 3949 iss
1088 3899 1171 3949 coelos
1188 3900 1223 3949 ad
1244 3902 1336 3961 patrie

137 3982 263 4033 mm
280 3984 377 4033 residet
392 3985 531 4048 gloriosse.
567 3986 673 4035 Pilatur
695 3991 777 4036 ostem
798 3989 879 4037 Gerra
900 3988 935 4037 ad
954 3988 1080 4038 litorium
1100 3987 1233 4036 Gaesarem
1254 3987 1336 4037 mittit

136 4073 158 4118 st
172 4073 197 4120 si
214 4075 268 4121 foss
285 4073 319 4121 de
335 4074 471 4123 virtutibus
489 4075 584 4124 Christi
602 4090 677 4138 quam
694 4076 726 4123 de
740 4078 859 4139 paccione
877 4076 918 4126 vel
934 4077 1119 4126 comestione
1136 4076 1192 4124 sissr
1208 4075 1332 4125 s'ssrisssat.

138 4155 205 4218 Osse
226 4159 309 4208 Getis
330 4161 400 4223 apsd
419 4176 466 4209 soe
482 4161 555 4209 hodie
572 4162 716 4210 retinentur
732 4163 838 4224 resipio.
875 4162 985 4211 Librum
1003 4177 1020 4212 s
1037 4160 1165 4227 Gregorio
1184 4161 1333 4211 'turonensi

137 4242 174 4293 lis
191 4243 297 4294 dnobus
322 4246 389 4295 locis
412 4245 564 4296 adhibitum
586 4262 640 4296 non
659 4247 743 4297 fuisse
763 4247 845 4298 Gesta
863 4248 946 4299 Pilsti
965 4257 1033 4312 quae
1052 4248 1198 4297 etismnum
1216 4243 1270 4311 ipsi
1287 4246 1332 4295 lra-

137 4328 254 4389 bssmns,
280 4345 314 4380 ex
338 4331 372 4381 iis
394 4331 487 4396 prucis
506 4348 573 4397 quse
598 4332 669 4397 spnd
691 4333 767 4381 illum
786 4333 914 4384 differunt
932 4350 948 4384 s
966 4334 1085 4384 textibus
1104 4333 1206 4383 uostris
1223 4333 1332 4381 minime
1426 4372 1429 4383 .

137 4414 254 4465 concludi
274 4415 402 4467 debebat.
