2962 4912
137 337 187 382 nn
602 312 874 366 ascensorum.

138 491 236 553 saepe
259 473 292 535 et
314 468 496 533 maleficum
519 465 682 549 depingit,
704 465 898 532 benevolum
921 465 1166 546 beneficumque
1188 462 1343 546 prodant

139 582 216 667 Qua
242 603 282 646 ex
311 581 440 645 diversa
467 578 701 643 miraculorum
732 583 854 643 natura
884 598 951 642 non
982 581 1072 642 recte
1100 575 1209 642 effecit
1237 574 1343 640 Kleu·

138 694 238 759 kerus
261 693 375 775 (Ueber
396 694 443 754 die
457 691 662 776 Apotrypten
684 693 735 754 des
749 691 793 754 N.
816 692 852 754 Τ.
876 692 903 775 t.
920 692 991 754 970.
1006 709 1037 771 p.
1052 689 1137 772 206.)
1160 708 1228 754 non
1242 706 1343 770 posse

138 805 308 870 arabicum
331 801 535 884 evangelium
558 823 598 866 ex
620 822 740 885 graeco
763 801 910 867 Thomae
934 800 1087 866 derivari.

224 914 413 1000 Quaerere
435 934 495 996 per
517 917 626 979 totum
649 913 811 978 orientem
834 912 1098 996 apocrypharum
1120 910 1343 976 traditionum

139 1028 179 1093 dc
207 1027 284 1091 Iesu
311 1046 430 1108 puero,
458 1045 572 1090 earum
598 1019 809 1107 potissimum
836 1045 921 1107 quae
949 1025 1083 1090 arabico
1110 1023 1196 1089 libro
1224 1025 1342 1087 nostro

138 1136 328 1217 traduntur,
355 1135 555 1219 propagatio
577 1135 691 1217 fuerit,
718 1141 862 1218 quantus
884 1155 976 1217 usus,
999 1140 1125 1218 quantu
1147 1133 1343 1214 austeriter,

138 1247 336 1330 intelligitur
359 1247 435 1312 inde
459 1247 547 1330 quod
570 1246 658 1311 haud
681 1268 806 1330 paucae
829 1248 929 1312 etiam
950 1245 1240 1312 Muhammedanis
1263 1244 1343 1309 scri·

138 1360 289 1443 ptoribus
310 1358 499 1442 placebant,
527 1357 679 1424 Kessaeo
701 1359 858 1441 maxime,
885 1358 1007 1424 celebri
1029 1357 1153 1425 Corani
1175 1377 1342 1422 commen·

138 1472 255 1537 tatori:
278 1470 357 1552 quid
374 1470 462 1553 quod
477 1470 655 1536 nonnullae
673 1471 708 1534 in
729 1471 837 1554 ipsum
852 1469 1020 1537 Coranum
1042 1475 1196 1553 receptae
1219 1469 1341 1551 sunu).

138 1583 173 1649 A
195 1603 261 1665 qua
282 1604 319 1647 re
341 1583 452 1648 nescio
475 1602 518 1646 an
541 1581 583 1646 ad
610 1582 845 1664 antiquitatem
873 1582 1026 1647 arabicae
1052 1581 1341 1665 interpretationis

139 1693 290 1760 concludi
312 1694 427 1776 possit,
450 1714 650 1776 quamquam
673 1693 917 1759 concedendum
940 1698 999 1775 est,
1020 1694 1167 1776 potuisse
1187 1691 1341 1759 Moham·

139 1805 266 1870 medem
294 1804 427 1870 haurire
454 1825 515 1869 sua
542 1827 582 1870 ex
604 1804 840 1891 traditionibus
863 1805 933 1870 eius
955 1805 1086 1888 generis
1108 1825 1193 1887 quae
1216 1791 1359 1870 dudum¹
1382 1876 1386 1890 ,

139 1916 429 1982 circumferrentur
451 1937 509 1981 cre
530 1915 728 1999 populorum
752 1916 971 1982 orientalium.
1016 1916 1190 1982 Dialectus
1206 1916 1341 1998 quidem

139 2028 272 2094 arabica
295 2028 437 2110 quaein
460 2027 558 2092 editis
581 2033 640 2108 est,
662 2028 811 2093 Henrico
835 2027 930 2093 Sikio
954 2048 1021 2093 non
1043 2026 1183 2092 multum
1206 2024 1340 2093 differre

137 2139 312 2204 videbatur
341 2140 385 2205 ab
416 2139 550 2204 arabica
576 2137 610 2203 N
613 2139 665 2204 cvi
693 2138 890 2205 Testimenti
921 2139 1073 2205 versione
1104 2159 1204 2222 quam
1235 2138 1341 2203 edidit

138 2247 322 2332 Erpenius3
356 2250 413 2314 sed
445 2270 506 2315 nec
537 2250 577 2315 de
608 2249 706 2314 huius
737 2255 847 2315 aetate
878 2251 959 2317 satis
991 2255 1131 2316 constat.
1184 2249 1341 2317 Ceterum

137 2361 215 2427 huic
237 2361 389 2426 arabicae
409 2362 517 2427 nostri
534 2361 698 2445 evangelii
714 2361 856 2427 dialecto
878 2383 946 2428 non
968 2363 1106 2427 nimium
1127 2363 1341 2428 auctoritatis

139 2472 350 2539 tribuendum
383 2476 450 2538 est:
482 2478 617 2556 poterat
644 2474 732 2538 enim
759 2473 855 2539 facile
881 2475 952 2556 ipse
975 2475 1127 2540 arabicus
1149 2479 1262 2542 textus
1283 2475 1341 2557 qui

139 2605 237 2667 saepe
260 2591 389 2649 etcum
411 2605 523 2651 amore
546 2584 796 2668 describeretur,
822 2586 863 2651 ad
886 2586 1104 2652 recentiorem
1126 2587 1249 2652 sensim
1271 2586 1341 2651 dia·

138 2695 260 2762 lectum
291 2696 502 2763 conformari.
545 2696 705 2762 Codicum
737 2718 851 2762 eorum
879 2698 936 2780 qui
968 2719 1008 2762 ex
1035 2698 1195 2782 catalogis
1224 2697 1342 2764 biblio·

139 2807 310 2873 thecarum
340 2807 557 2873 innotuerunt
588 2809 839 2891 antiquissimus
869 2809 1000 2875 videtur
1031 2810 1202 2875 Mediceus
1230 2810 1341 2876 Palat

138 2940 225 2983 num.
241 2917 404 2984 XXXII.
426 2939 513 2985 anno
532 2920 622 2984 1299.
639 2921 798 3002 scriptus:
821 2920 895 2986 vide
918 2921 1006 3003 apud
1028 2920 1114 2986 Thil.
1129 2919 1210 2987 Ood.
1228 2942 1342 3005 apocr.

56 3066 61 3081 ·-
138 3050 212 3113 pag.
234 3028 379 3097 XXXI.

225 3140 405 3222 Reliquum
436 3147 485 3205 est
512 3147 551 3205 ut
578 3141 618 3207 de
645 3141 846 3208 editionibus
872 3143 970 3208 huius
998 3145 1159 3227 evangelii
1182 3145 1341 3211 dicamus.

138 3252 272 3318 Primus
300 3252 404 3317 edidit
430 3252 632 3318 Henricus
660 3252 755 3318 Silio
783 3254 931 3320 Traiecti
959 3256 1002 3320 ad
1024 3255 1192 3338 Rhenum,
1224 3278 1344 3323 consu·

137 3363 225 3430 libus
247 3363 448 3446 reipublicae
471 3362 662 3429 Bremensis
685 3365 845 3448 dicatum,
867 3387 954 3431 anno
980 3370 1070 3431 1697.
1114 3368 1237 3434 Codice
1259 3390 1342 3434 usus

139 3479 190 3540 est
211 3474 431 3540 bibliothecae
455 3475 560 3558 Golii,
588 3475 719 3558 publica
746 3482 817 3541 tum
839 3479 993 3544 auctione
1015 3478 1170 3562 Lugduni
1193 3479 1341 3546 Batavo·

138 3608 210 3650 rum
233 3585 435 3666 divenditus,
462 3587 519 3669 qui
542 3608 642 3669 quam
664 3593 808 3654 aetatem
830 3589 984 3657 habuerit
1006 3596 1065 3655 aut
1087 3612 1245 3673 quorsum
1267 3613 1342 3675 per·

139 3698 266 3761 venerit
289 3718 356 3762 non
378 3703 519 3762 constat.
563 3698 658 3763 Libri
680 3699 797 3764 titulus
820 3707 872 3766 est
899 3702 1100 3788 Euespelium
1123 3708 1274 3788 infandae
1295 3705 1345 3767 vel

140 3808 212 3869 liber
233 3810 426 3893 apocryphus
448 3812 484 3872 de
505 3814 639 3894 infantia
665 3813 844 3876 servatoris.
889 3814 941 3877 Er
962 3818 1167 3900 manrtscripto
1189 3817 1284 3879 edidit
1303 3839 1342 3881 ac

139 3918 255 3982 Lerina
277 3924 410 3984 vesane
431 3933 460 3984 et
479 3926 556 3986 nous
577 3923 742 3986 illustravit
754 3926 906 3989 Heminae
925 3927 1002 3990 Sile.
1040 3924 1166 3992 Textus
1185 3927 1341 3993 arabicus

225 4131 249 4197 1)
269 4134 311 4185 Cf.
331 4135 469 4186 dissertet.
487 4153 571 4188 msam
594 4139 734 4204 Hcgansm
759 4157 784 4204 p.
802 4143 835 4191 91
857 4157 929 4206 sqq„
954 4143 1018 4192 item
1043 4143 1139 4207 quibus
1164 4143 1201 4192 ibi
1225 4144 1340 4195 maxima

77 4284 84 4298 .
139 4234 202 4268 usur
220 4235 278 4269 snm
297 4220 407 4270 chrici
427 4220 495 4271 Sikii
514 4229 593 4274 notar
611 4229 639 4275 ct
657 4226 788 4276 'Philonia
824 4225 856 4275 In
874 4227 981 4278 dissert
1000 4243 1058 4277 meu
1076 4230 1095 4277 l.
1109 4229 1128 4277 l.
1148 4229 1217 4278 mule
1236 4229 1340 4280 factum

140 4310 182 4355 cst
201 4306 272 4370 quod
289 4308 318 4356 in
336 4308 404 4356 locis
423 4309 590 4373 apponendis
610 4313 769 4376 scriptorum
787 4313 901 4364 Arabum
920 4313 1122 4379 Abnllsruginm
1141 4331 1201 4365 cnm
1219 4315 1339 4365 Kesmo

140 4390 286 4455 composui.
