3000 4912
291 318 526 371 svaudunum
544 272 736 370 mrarlurau
753 317 947 369 annuletur.
975 317 1076 369 xvm.
1223 317 1285 379 189

82 475 182 536 runt:
206 468 353 534 Nullum
369 474 423 533 est
440 468 584 533 dubium
602 469 687 552 quin
698 469 871 552 Iosephus
888 469 1047 534 etMaria
1063 474 1098 533 et
1114 489 1203 552 puer
1218 470 1284 533 iste

85 573 135 639 dii
151 574 238 655 sint,
260 593 331 638 non
347 571 516 637 homines.
549 569 637 637 Cum
652 593 732 638 vero
751 572 944 637 discessum
960 571 1002 636 ab
1020 571 1092 636 illis
1109 578 1284 655 pararent,

83 676 204 760 puella
224 676 294 742 ista
308 695 398 758 quae
415 675 514 758 lepra
529 674 748 740 laboraverat
769 674 813 740 ad
837 696 896 740 eos
917 674 1067 740 accessit
1086 695 1216 758 eosque
1234 698 1286 742 ro·

84 780 178 863 gerit
193 784 233 843 ut
249 799 285 844 se
303 778 464 843 comitem
481 777 715 842 adsumerent.

486 1033 492 1039 '
541 1014 662 1082 Cnrur
685 1014 826 1084 XVIII.
883 1075 888 1094 ,

170 1188 250 1253 Ηοθ
273 1208 350 1251 cum
370 1186 510 1269 puellae
533 1187 756 1269 annuissent,
783 1210 860 1254 cum
885 1189 929 1252 iis
952 1188 1049 1252 abiit.
1095 1187 1226 1253 Postea
1248 1189 1285 1253 iu

85 1291 207 1357 urbem
229 1297 464 1373 pervenerunt
485 1290 521 1354 in
538 1311 607 1373 qua
627 1312 687 1355 arx
710 1297 786 1357 erat
807 1291 992 1355 clarissimi
1015 1291 1201 1374 principis,
1226 1293 1287 1374 qui

85 1393 191 1459 aedes
204 1392 420 1474 excipiendis
431 1392 630 1475 hospitibus
642 1392 803 1459 habebat.
825 1393 907 1457 Huc
918 1393 1288 1477 deverteruut3puella

82 1504 202 1564 autem
224 1497 311 1562 abiit
333 1503 369 1562 et
391 1497 434 1562 ad
457 1517 600 1562 uxorem
615 1499 786 1582 principis
809 1499 968 1578 intrarit3
992 1519 1095 1582 quam
1113 1519 1189 1562 cum
1206 1497 1288 1562 fien-

81 1608 155 1666 tem
176 1606 212 1666 et
227 1601 363 1665 tristem
380 1601 586 1683 reperisset,
609 1623 766 1668 caussam
787 1601 890 1667 fletus
914 1602 1093 1667 sciscitata
1110 1609 1172 1667 est.
1204 1600 1287 1666 Noli

79 1705 218 1786 mirari,
249 1704 366 1787 inquit
389 1703 467 1786 illa,
494 1704 613 1770 fletum
638 1727 765 1771 meum:
799 1727 924 1789 magna
950 1708 1041 1771 enim
1066 1704 1287 1789 aegritudine

79 1827 233 1891 premor,
252 1829 354 1890 quam
371 1806 485 1871 adhuc
496 1808 585 1872 nulli
596 1807 775 1873 hominum
793 1807 911 1890 eloqui
922 1809 1085 1873 sustinui.
1109 1808 1287 1888 Fortasse,

80 1911 136 1974 ait
151 1908 285 1992 puella,
309 1910 339 1973 si
354 1908 439 1973 mihi
460 1908 557 1974 illam
573 1911 853 1975 manifestaveris
877 1915 912 1976 et
928 1910 1119 1993 detexeris,
1141 1912 1216 1976 eius
1238 1931 1289 1975 re·

81 2011 238 2077 medium
260 2011 407 2076 habebo.
448 2009 534 2077 Cela
555 2012 678 2095 igitur,
700 2012 883 2096 respondit
907 2035 994 2078 uxor
1014 2013 1200 2097 principis,
1223 2013 1289 2078 hoc

83 2122 261 2182 secretum
287 2136 350 2180 nec
376 2116 538 2198 cuiquam
565 2115 741 2198 eloquere.
781 2115 857 2200 Ego
884 2120 994 2198 nupta
1018 2115 1100 2180 huic
1124 2116 1288 2199 principi,

85 2220 147 2303 qui
168 2239 228 2283 rex
251 2223 305 2282 est
327 2218 496 2300 cuiusque
519 2218 556 2282 in
580 2216 713 2282 ditione
736 2218 865 2283 multae
890 2217 995 2283 urbes
1012 2223 1110 2299 sunt,
1134 2217 1193 2282 diu
1212 2239 1289 2283 cum

86 2322 217 2402 eovixi,
236 2320 298 2385 sed
315 2319 449 2384 nullum
470 2342 511 2386 ex
527 2341 580 2385 me
598 2320 707 2385 filium
726 2323 891 2404 suscepit.
917 2319 1005 2386 Oum
1021 2320 1162 2385 tandem
1179 2319 1289 2385 filium

89 2445 129 2490 ex
151 2446 191 2489 eo
209 2424 440 2507 peperissem,
463 2424 623 2507 leprosus
641 2425 723 2503 fuit3
748 2446 850 2507 quem
871 2425 931 2488 ille
950 2429 1175 2506 conspectum
1197 2445 1290 2488 arer-

89 2533 184 2592 satus
202 2532 265 2607 est,
281 2527 452 2610 mihique,
480 2525 565 2607 Aut,
584 2527 643 2608 ait,
660 2527 752 2591 hunc
769 2527 938 2608 interfice,
956 2533 1016 2592 aut
1032 2526 1162 2591 nutrici
1178 2525 1287 2607 trade,

89 2650 177 2713 quae
204 2650 282 2694 eum
307 2629 425 2713 aliquo
451 2631 488 2693 in
513 2629 591 2694 loco
613 2629 740 2694 educet
765 2629 858 2694 unde
886 2629 984 2694 nulla
1010 2629 1151 2695 omnino
1178 2628 1220 2692 de
1248 2649 1288 2693 eo

89 2733 216 2797 notitia
233 2739 396 2816 emergat.
419 2732 510 2797 Mihi
520 2754 600 2798 vero
617 2734 685 2798 iam
703 2733 792 2797 nihil
807 2738 923 2798 tecum
939 2738 993 2798 est
1004 2754 1117 2816 neque
1135 2752 1289 2814 unquam
1388 2818 1392 2827 Ι

88 2835 233 2919 posthac
251 2835 430 2901 tevidebo.
454 2835 701 2900 Hincconsilii
719 2856 842 2919 expers
859 2856 933 2900 sum
951 2842 986 2902 et
1001 2855 1158 2901 moerore
1176 2834 1290 2917 oppri-

89 2959 172 3004 mor.
203 2938 285 3003 Heu
308 2938 418 3004 filium
439 2960 568 3022 meum,
590 2940 658 3005 heu
682 2940 876 3023 coniugem.
909 2938 1040 3004 Dixine
1063 2935 1152 3003 tibi?
1172 2937 1290 3020 inquit

88 3041 217 3125 puella,
233 3042 353 3107 morbo
365 3047 425 3106 tuo
437 3039 646 3106 medicinam
656 3041 782 3124 reperi,
801 3062 903 3124 quam
920 3041 985 3106 tibi
1001 3040 1175 3106 indicabo.
1199 3039 1289 3104 Nam

90 3166 152 3230 ego
171 3165 310 3228 quoque
327 3144 466 3227 leprosa
482 3143 549 3226 fui,
572 3143 634 3208 sed
656 3143 835 3207 mundavit
851 3164 904 3208 me
923 3142 1009 3208 deus
1026 3144 1086 3226 qui
1108 3148 1161 3208 est
1177 3142 1288 3223 Iesus,

90 3247 182 3312 filius
205 3247 366 3312 dominae
389 3247 534 3312 Mariae.
578 3247 738 3329 Rogante
763 3251 879 3311 autem
901 3246 1047 3310 muliere
1071 3246 1212 3311 ubinam
1232 3245 1289 3308 hic

90 3357 184 3416 esset
205 3350 291 3415 deus
314 3371 416 3434 quem
437 3348 680 3434 illasdixisset,
706 3348 777 3413 Hic
799 3354 929 3429 tecum,
957 3348 1075 3432 inquit
1095 3347 1229 3431 puella,
1252 3347 1289 3411 in

90 3453 211 3519 eadem
222 3453 323 3518 domo
334 3459 502 3518 versatur.
525 3449 577 3517 At
592 3473 662 3535 qua
678 3452 813 3517 ratione
831 3451 897 3517 hoc
915 3451 990 3516 fieri
1007 3457 1135 3535 potest,
1151 3449 1201 3513 ait
1216 3448 1289 3530 illa,

90 3556 231 3622 ubinam
255 3552 331 3621 est?
365 3554 475 3637 Ecce,
498 3553 682 3638 respondit
701 3554 835 3637 puella,
858 3552 1047 3636 Iosephum
1071 3557 1107 3617 et
1125 3551 1289 3631 Mariam3

91 3658 206 3724 infans
221 3678 302 3722 vero
320 3658 380 3741 qui
398 3678 474 3722 cum
495 3657 567 3722 illis
591 3663 658 3739 est,
679 3655 781 3722 Iesus
797 3663 956 3737 vocatur,
978 3660 1083 3739 atque
1105 3654 1136 3719 is
1160 3652 1289 3737 estqui

90 3783 141 3828 me
158 3784 179 3828 a
194 3760 315 3826 morbo
331 3781 407 3825 meo
428 3767 463 3825 et
480 3762 637 3826 cruciatu
654 3761 798 3826 sanavit.
829 3758 881 3825 At
897 3781 966 3844 qua
982 3761 1130 3841 ratione,
1151 3759 1202 3824 ait
1217 3758 1288 3841 illa,

91 3872 213 3932 sanata
229 3886 265 3929 es
286 3864 419 3947 alepra
434 3861 518 3929 tua?
540 3885 655 3930 nonne
677 3864 713 3928 id
729 3864 814 3928 mihi
835 3859 1032 3928 indicabis?
1064 3859 1219 3945 Quidni?
1239 3862 1290 3926 in-

92 3970 166 4052 quit
186 3967 320 4052 puella:
350 3988 476 4051 aquam
502 3988 571 4049 qua
595 3967 705 4033 lotum
730 3967 846 4032 fuerat
871 3987 997 4049 corpus
1024 3965 1099 4030 eius
1125 3966 1244 4049 accepi
1270 3986 1290 4030 a

156 4212 256 4262 XVIII.
276 4213 319 4278 qui
331 4212 406 4261 aeder
417 4211 574 4275 excipiendis
586 4236 595 4246 -
608 4237 617 4246 ·
629 4210 749 4260 babebat:
762 4211 802 4259 ita
814 4209 853 4259 1²1.
877 4209 955 4274 Apud
969 4209 1025 4259 Sik.
1039 4215 1066 4258 et
1079 4208 1150 4258 'Ihih
1164 4216 1206 4258 est
1219 4211 1290 4258 euius

91 4299 157 4348 baed
165 4298 260 4362 procul
277 4315 294 4348 a
305 4299 447 4348 diversorio
459 4298 535 4346 aeder
546 4301 622 4345 nant

159 4384 229 4433 Hiar
238 4384 339 4434 concilii
349 4399 441 4450 erpere
453 4409 462 4420 ·
473 4409 481 4420 ·
491 4384 637 4450 opprimor.-
649 4382 689 4432 ita
698 4382 752 4442 sla
767 4380 823 4431 sil.
837 4387 865 4432 et
874 4381 945 4432 Thil.
959 4381 1051 4446 ltaque
1063 4395 1200 4431 moerorem
1211 4397 1290 4431 meum

91 4473 116 4518 er
127 4470 291 4520 conditionem
302 4454 419 4520 mirabor
431 4469 570 4533 deplorator
581 4468 700 4519 contabui
