2962 4912
246 329 359 376 mn
704 306 976 365 rnonnuounus.

245 463 367 529 litteris
391 462 620 546 consignatum
641 462 815 545 reliquisse
830 461 984 526 dicuntur
1004 461 1039 525 in
1060 459 1262 526 bibliotheca
1275 459 1441 525 Hieroso·

245 575 406 659 lymitsna
416 576 453 657 ¹).

331 685 439 772 Quam
461 684 504 751 ad
525 685 756 768 antiquitatem
777 683 858 750 haec
879 683 1020 752 historia
1040 682 1175 768 Iosephi
1196 683 1283 749 fabri
1303 683 1440 768 lignarii

245 797 419 867 referenda
441 798 497 881 sit,
524 796 712 862 accuratius
734 795 862 861 definiri
884 796 1009 879 poterit
1029 795 1087 860 ubi
1110 795 1150 860 de
1172 800 1319 879 tempore
1341 796 1437 861 insti·

245 917 336 977 tutae
357 910 534 975 memoriae
549 907 684 992 Iosephi
704 907 811 973 festae
834 913 1038 990 compertum
1059 905 1169 972 fuerit.
1213 906 1343 973 Rursus
1358 928 1438 974 vero

244 1022 320 1088 inde
343 1020 430 1105 quod
457 1018 587 1085 libellus
613 1025 727 1085 noster
755 1018 896 1103 coptice,
927 1017 1115 1101 etquidem
1142 1019 1178 1083 in
1206 1025 1347 1103 utraque
1369 1017 1440 1084 dia·

243 1134 330 1198 lecto
354 1138 388 1198 et
409 1131 620 1214 memphitica
641 1136 674 1196 et
697 1129 858 1209 sahidica,
881 1129 1023 1212 scriptus
1044 1130 1218 1212 reperitur,
1242 1130 1440 1196 concluden-

244 1242 321 1308 dum
343 1248 393 1309 est
415 1242 457 1308 ad
479 1263 631 1325 maguam
653 1241 724 1306 eius
746 1240 891 1305 instituti
916 1240 1156 1323 antiquitatem.
1201 1240 1341 1307 Saeculo
1365 1242 1437 1308 iere

243 1360 363 1438 quarto
393 1355 420 1418 si
444 1352 586 1436 Coptum
614 1357 781 1417 auctorem
810 1352 978 1434 scripsisse
1006 1351 1159 1435 dicimus,
1187 1353 1270 1418 nihil
1298 1355 1437 1436 inipso

242 1464 328 1532 libro
352 1465 383 1530 ei
406 1464 590 1530 sententiae
611 1464 815 1529 contrarium
836 1463 1040 1528 habebimus.
1077 1462 1240 1530 Conuenit
1255 1466 1341 1529 enim
1357 1466 1437 1530 sim·

242 1577 375 1661 plicitas
399 1597 464 1660 qua
490 1596 543 1640 rea
566 1596 606 1640 ex
629 1574 796 1657 evangelio
818 1572 934 1639 Iacobi
956 1575 1080 1657 petitae
1101 1595 1162 1657 per
1183 1576 1296 1658 priora
1317 1597 1437 1642 novem

244 1689 355 1771 capita
383 1692 570 1752 narrantur.
613 1684 701 1750 Item
731 1706 784 1750 res
813 1706 896 1767 quae
924 1685 1106 1770 Iosephum
1138 1708 1249 1752 senem
1276 1693 1437 1770 spectant,

244 1819 327 1882 quae
353 1803 492 1865 mortem
520 1803 553 1862 et
580 1796 763 1861 animarum
793 1796 922 1878 piarum
953 1803 1089 1877 statum,
1119 1818 1204 1880 quae
1235 1798 1369 1881 angelos
1401 1805 1437 1864 et

243 1910 351 1975 coelos
373 1908 572 1990 similiaque,
592 1912 631 1971 ut
652 1906 734 1971 nihil
756 1907 905 1973 novellae
927 1908 1174 1991 superstitionis
1196 1909 1357 1991 produnt,
1385 1911 1437 1974 ita

243 2019 446 2086 concordant
474 2018 616 2083 maxime
644 2039 718 2083 cum
747 2018 789 2083 iis
810 2018 1012 2084 Iudaeorum
1040 2019 1080 2084 de
1107 2018 1159 2083 his
1186 2020 1284 2085 rebus
1307 2021 1436 2105 opinio·

242 2131 340 2196 nibus
368 2151 453 2213 quae
479 2130 595 2212 primis
623 2128 761 2194 saeculis
789 2151 810 2194 a
832 2130 1030 2196 Christianis
1058 2131 1158 2196 etiam
1185 2131 1354 2214 plerisque
1383 2153 1438 2196 re·

243 2247 358 2325 ceptae
386 2246 471 2305 suut.
515 2238 672 2322 Inprimis
700 2239 844 2305 notabile
873 2246 923 2305 est
951 2241 1134 2306 convivium
1157 2241 1246 2306 mille
1269 2263 1435 2307 annorum

243 2353 351 2436 capite
376 2354 427 2416 26.
448 2356 680 2433 memoratum,
709 2350 797 2434 quod
825 2357 901 2433 post
927 2351 1094 2416 saeculum
1121 2352 1258 2417 tertium
1284 2354 1338 2417 uix
1367 2375 1436 2418 am·

241 2464 326 2546 plius
356 2463 421 2527 nisi
452 2461 540 2546 apud
569 2461 754 2527 haereticos
782 2463 1013 2527 auctoritatem
1040 2462 1204 2543 habebat;
1234 2465 1315 2529 item
1344 2464 1435 2547 quod

241 2574 349 2656 capite
377 2577 405 2639 5.
436 2594 524 2638 mors
555 2573 681 2638 instare
712 2573 834 2637 dicitur
859 2572 988 2638 Mariae
1019 2574 1152 2657 virgini,
1184 2596 1283 2657 quam
1314 2576 1434 2658 quinto

240 2686 306 2749 iam
328 2685 460 2749 saeculo
483 2685 519 2748 in
541 2685 667 2750 coelum
689 2691 869 2749 assumtam
891 2706 961 2749 esse
983 2684 1155 2768 permultis
1178 2685 1337 2768 placebat.

326 2795 448 2860 Restat
469 2801 506 2860 ut
521 2795 560 2860 de
584 2794 728 2861 editione
750 2801 864 2861 nostra
883 2797 1091 2879 explicemus,
1114 2818 1213 2879 quam
1229 2797 1272 2862 ab
1289 2797 1435 2864 editione

241 2907 388 2992 principe
411 2906 551 2971 Wallini
573 2907 723 2989 inprimis
745 2907 896 2990 pendere,
919 2908 985 2972 iam
1008 2928 1108 2990 supra
1131 2907 1349 2990 significatum
1372 2917 1434 2975 est.

241 3016 443 3100 Georgius
467 3018 552 3082 enim
575 3016 794 3099 Wallinus,
820 3019 953 3082 natione
976 3017 1111 3101 Suecus,
1134 3040 1174 3083 ex
1198 3020 1266 3084 cod.
1286 3042 1344 3084 ms.
1366 3021 1433 3086 Pa·

240 3129 372 3193 risiensi
394 3127 528 3193 arabice
551 3127 662 3209 edidit,
685 3127 798 3193 addita
812 3129 959 3193 versione
975 3128 1080 3193 latina
1095 3135 1128 3194 et
1143 3152 1263 3214 magua
1277 3137 1433 3196 notarum

241 3240 349 3322 copia,
380 3259 467 3303 anno
499 3238 627 3318 17222).
681 3236 833 3303 Codicum
865 3260 939 3302 eum
969 3239 1138 3304 arabicum
1168 3242 1203 3304 in
1231 3240 1436 3306 bibliotheca

241 3350 349 3433 Regia
370 3354 519 3415 notatum
541 3349 622 3412 dicit
644 3347 808 3413 Wallinus
832 3370 967 3414 numero
991 3349 1258 3416 CCCCXXXII
1270 3353 1306 3434 ³).
1350 3352 1435 3419 Ver-

327 3522 350 3587 ¹)
368 3525 404 3574 Et
422 3524 448 3574 h.
464 3525 482 3573 l.
501 3529 529 3575 et
547 3525 575 3573 in
593 3524 627 3573 iis
646 3540 713 3588 quse
731 3527 973 3597 sequunturplura
991 3528 1212 3577 conformavimus
1234 3527 1267 3577 sd
1286 3527 1299 3590 ξ
1319 3530 1359 3578 14.
1378 3528 1433 3578 dis·

242 3612 398 3662 certationis
417 3613 524 3659 uostrse
543 3609 686 3674 Regnum
712 3611 746 3660 cf.
764 3625 826 3675 pag.
839 3611 872 3660 52
891 3626 949 3674 sqq.

325 3696 349 3759 ἲ)
368 3698 443 3747 Libri
461 3698 559 3747 titulus
577 3697 622 3746 bic
640 3701 696 3746 est:
719 3697 840 3747 Historia
858 3697 966 3762 Iosephi
984 3699 1055 3748 febri
1073 3699 1189 3763 lignarii.
1225 3700 1306 3749 hiber
1323 3716 1435 3765 apocry-

241 3784 310 3848 phus
334 3799 365 3832 ex
389 3782 481 3832 codice
503 3784 685 3845 manuscripto
709 3783 807 3846 Regiae
834 3783 1015 3833 bibliothecae
1039 3783 1197 3834 Perisiensis
1225 3799 1296 3834 nunc
1321 3786 1434 3848 primum

241 3867 347 3917 arabice
366 3866 454 3916 editus
473 3879 522 3918 nec
541 3881 594 3915 non
613 3867 735 3916 versione
753 3867 839 3916 latine
858 3870 886 3917 et
904 3869 976 3917 notis
995 3869 1146 3918 illustratus
1165 3868 1335 3933 eGeorgio
1349 3869 1433 3918 Wei-

241 3956 303 4013 lin,
327 3952 420 4004 Sueoo.
456 3953 571 4015 Lipsiae,
589 3951 773 4003 unecxxn.

327 4036 349 4101 ³)
367 4039 466 4088 Docuit
484 4038 562 4088 Thilo
581 4053 612 4089 ex
630 4039 705 4088 Actis
724 4037 882 4088 Sanctorum
900 4039 952 4088 ism
970 4038 1095 4088 ducentis
1112 4040 1191 4089 annis
1210 4044 1273 4089 ente
1286 4039 1433 4090 Wallinum

240 4125 348 4176 fabulae
368 4128 476 4174 nostrae
495 4125 618 4177 notitiam
638 4124 744 4174 dedisse
763 4124 929 4174 Isidorum
948 4125 987 4174 de
1005 4125 1164 4174 leolanis.
1200 4125 1286 4174 Locus
1304 4124 1432 4175 Actorum

241 4210 267 4261 d.
280 4209 348 4260 xlx.
358 4210 450 4259 Martii
468 4209 595 4260 tom.111.
613 4226 639 4273 p.
651 4211 676 4263 7.
695 4211 733 4260 sic
752 4210 847 4260 hebet:
865 4208 1028 4259 Kelenderis
1047 4211 1153 4274 coptice
1171 4208 1432 4260 suxx.uiem1u1ii

242 4296 341 4346 testum
360 4295 469 4360 Iosephi
486 4297 621 4353 referunt,
644 4299 672 4345 et
691 4296 718 4345 in
736 4310 767 4346 eo
787 4294 892 4359 quidem
911 4295 982 4359 quod
1000 4296 1069 4360 apud
1089 4294 1232 4361 seldenum
1251 4302 1294 4346 est
1311 4296 1381 4346 libro
1400 4298 1433 4347 de

242 4380 379 4447 synedriis
397 4382 577 4432 Hebraeorum
596 4381 629 4431 ed
648 4382 746 4432 calcem
765 4397 916 4446 expressum
935 4381 1044 4432 additur
1061 4382 1131 4431 febri
1151 4383 1267 4448 lignarii.
1303 4383 1430 4434 Testetur
