2962 4912
622 328 895 382 recensoribus.
1236 352 1362 399 mm

186 492 238 555 1103
268 479 286 542 i.
302 498 329 542 e.
350 482 481 543 textum
504 479 564 543 sub
589 480 721 544 nomine
744 480 929 564 Hegesippi
956 481 1081 548 editum
1102 483 1138 547 in
1159 484 1358 568 Anaoepha·

264 590 367 655 155551
389 591 484 656 libris
499 589 532 657 V
555 591 594 656 de
618 589 746 656 excidio
769 591 936 659 Hierosol.
959 595 1118 676 subiecta,
1141 593 1254 661 Colon.
1267 600 1358 664 1530.

263 702 317 769 foi
333 705 398 768 66·
407 724 513 768 verso.

180 838 241 887 cun
263 824 284 888 i.
300 844 327 888 e.
342 828 471 889 textum
487 823 693 890 Obassanaei
706 825 742 890 in
756 829 852 907 parte
867 824 930 892 IV.
946 827 1088 910 catalogi
1102 827 1228 911 gloriae
1244 829 1358 895 mundi

263 934 397 1016 editum,
413 934 530 1003 Venet.
549 938 640 1002 1571.
664 935 778 1021 (Quod
793 956 876 1018 opus
892 957 991 1019 saepe
1006 938 1184 1019 repetitum
1201 943 1275 1021 est.)
1307 939 1357 1005 cf.

262 1045 396 1111 Febris.
419 1044 498 1113 Ood.
521 1068 631 1130 apocr.
654 1046 722 1129 ΠΙ,
744 1068 775 1129 p.
790 1049 862 1113 479.

188 1176 231 1227 six
261 1166 283 1230 1.
298 1187 326 1230 5.
341 1170 470 1232 textum
485 1187 506 1232 a
523 1164 616 1232 Sixto
633 1165 774 1232 Senensi
792 1169 883 1232 1566.
905 1168 939 1232 15
954 1166 1031 1232 bibl.
1047 1175 1182 1233 sanctes
1204 1168 1290 1235 libro
1308 1168 1357 1235 ΙΙ.

262 1280 363 1360 56555
385 1284 485 1343 55655
502 1279 569 1343 iam
586 1279 619 1342 in
636 1277 883 1363 Orthodoxogr.
904 1277 1048 1344 Heroldi
1067 1281 1157 1344 1555.
1178 1280 1357 1364 vulgatum.

172 1408 240 1459 1155
262 1397 286 1462 i.
301 1417 329 1462 e.
351 1403 480 1462 textum
503 1399 617 1480 quiin
640 1397 942 1464 Pseudo-Marcelli
963 1397 1051 1463 libro
1074 1397 1114 1463 de
1136 1399 1284 1465 mirificis
1305 1422 1356 1465 re·

260 1509 323 1574 bus
346 1513 380 1575 et
402 1510 531 1575 actibus
550 1510 638 1575 Petri
663 1514 696 1575 et
710 1509 809 1575 Pauli
830 1514 890 1575 etc.
913 1532 934 1574 a
952 1510 1161 1576 Florentinio
1181 1514 1271 1577 1666.
1288 1512 1356 1576 561-

259 1625 316 1686 655
347 1626 414 1686 est:
452 1621 540 1704 quod
571 1641 654 1704 opus
685 1623 820 1704 repetiit
845 1621 1023 1687 Fabricius
1052 1621 1132 1688 Ood.
1155 1643 1264 1705 apocr.
1286 1623 1355 1688 ΠΙ.

261 1754 291 1815 p.
314 1734 377 1796 632
401 1754 473 1816 555.
518 1732 567 1799 of.
591 1734 692 1798 etiam
715 1733 796 1799 Ood.
819 1754 929 1815 apocr.
952 1732 981 1798 Ι.
1002 1753 1033 1815 p.
1048 1735 1112 1798 298
1135 1755 1183 1817 55.

178 1863 228 1915 ens
259 1856 280 1918 i
303 1873 330 1917 5.
354 1851 655 1936 Guelferbytanum
683 1853 830 1919 codicem
857 1853 950 1918 cuius
976 1858 1104 1918 textum
1126 1853 1226 1920 Thilo
1250 1851 1354 1918 edidit

262 1964 354 2029 1637.
376 1963 411 2029 15
434 1970 498 2029 aot.
514 1963 607 2029 Petri
631 1968 664 2029 et
685 1964 785 2029 Pauli
806 1968 901 2047 parte
923 1962 951 2028 I.
974 1983 1005 2046 p.
1020 1967 1062 2029 26
1085 1985 1133 2047 55.

237 2080 388 2148 Graecus
415 2083 515 2148 huius
544 2083 704 2166 epistolae
731 2088 841 2148 textus
865 2084 893 2148 is
917 2090 967 2148 est
990 2103 1088 2166 quem
1109 2085 1297 2167 nuperrime
1319 2086 1354 2150 in

161 2195 232 2260 actis
254 2193 351 2260 Petri
373 2200 407 2260 et
428 2194 528 2259 Pauli
551 2196 698 2260 sectione
714 2197 765 2260 40.
788 2193 958 2260 edidimus.
1003 2195 1052 2261 ef.
1071 2195 1161 2260 Acta
1184 2216 1258 2278 app.
1275 2218 1353 2279 apo·

161 2304 262 2389 cryph.
285 2326 317 2388 p.
335 2308 374 2369 16
398 2326 469 2388 555.

235 2425 391 2508 Ι)551555
414 2426 648 2491 Β55555555
672 2426 829 2492 Christi
852 2426 898 2491 ad
921 2426 1076 2491 inferos
1098 2425 1225 2492 latine
1244 2425 1274 2490 B
1296 2448 1352 2509 pe·

160 2539 230 2603 titus
252 2542 304 2601 556
327 2559 367 2601 ex
390 2535 558 2602 codicibus
581 2537 702 2602 tribus:
734 2560 756 2603 n
778 2538 799 2602 i.
815 2559 841 2603 e.
861 2536 1036 2620 Vaticano,
1059 2558 1080 2602 n
1103 2537 1124 2602 i.
1139 2559 1168 2602 a.
1187 2536 1351 2608 Vaticano

160 2651 251 2731 4363.
274 2666 293 2712 c
316 2648 337 2712 i.
353 2669 380 2712 e.
395 2646 526 2714 Veneto
548 2647 732 2715 Marciano.
770 2647 861 2733 Quos
886 2647 1018 2713 eosdem
1039 2649 1106 2713 iam
1126 2650 1351 2714 recensuimus

159 2761 193 2827 ad
215 2759 307 2828 Gest.
324 2758 437 2823 Pilati.

377 2992 456 3059 XV.
500 2989 738 3057 EPISTOLA
760 2989 926 3058 PONTII
948 2989 1122 3056 PILATI.

232 3140 329 3206 Haec
360 3139 465 3204 altera
495 3144 546 3203 556
573 3137 676 3203 Pilati
709 3138 865 3220 55156515,
896 3158 980 3220 5555
1008 3143 1042 3201 56
1069 3137 1143 3219 ipsa
1165 3136 1287 3200 dudum
1309 3156 1349 3201 ac

159 3273 256 3334 saepe,
279 3252 343 3316 etsi
366 3271 433 3314 non
455 3249 557 3314 toties
581 3270 680 3331 quam
703 3248 795 3331 prior
817 3247 902 3331 (vide
924 3247 1035 3330 paullo
1058 3252 1157 3344 ante),
1179 3248 1268 3314 edita
1291 3253 1349 3313 est.

156 3363 235 3430 Vide
256 3362 392 3426 Fabric.
415 3360 494 3426 uod.
517 3380 628 3442 apocr.
651 3359 679 3424 Ι.
701 3381 733 3443 p.
751 3362 814 3440 300
837 3381 910 3442 sqq.
930 3357 1000 3424 ΠΙ.
1022 3380 1053 3441 p.
1069 3361 1133 3423 479
1156 3380 1227 3442 sqq.
1263 3357 1349 3424 'l'hiL

111 3541 113 3544 .
133 3474 229 3542 χ0511.
244 3494 355 3556 apocr.
374 3493 405 3555 p.
421 3475 493 3537 801.
531 3471 674 3537 Textum
697 3471 929 3536 constituimus
952 3493 992 3536 ex
1015 3470 1190 3536 collatione
1213 3470 1349 3535 testium

155 3592 298 3669 quatuor.

154 3716 217 3768 cun
253 3707 275 3770 i
292 3727 318 3770 5.
333 3709 445 3768 textus
468 3703 714 3769 aChassanaeo
739 3702 846 3767 editus
868 3703 904 3766 in
925 3706 1021 3784 parte
1036 3700 1098 3767 IV.
1115 3698 1257 3782 catalogi
1279 3700 1348 3783 glo-

252 3818 321 3882 riae
344 3814 467 3895 mundi,
490 3815 548 3898 qui
571 3815 714 3896 primum
736 3813 862 3896 prodiit
886 3814 977 3877 1571.

152 3951 209 4001 nor
253 3938 274 4002 i.
295 3958 322 4002 e.
344 3942 465 4001 655655
479 3957 500 4000 5
520 3934 729 4000 Florentinio
751 3933 860 3999 editus
882 3933 916 3997 in
938 3930 1157 4014 Martyrolog.
1179 3936 1243 3996 ret.
1265 3929 1346 3996 Hie·

252 4049 382 4131 ronymi
404 4068 435 4129 p.
454 4049 524 4111 113.
568 4045 669 4111 Η555
691 4045 867 4110 Fabricius
889 4042 1103 4125 6615556116

151 4180 216 4231 uoci
252 4169 274 4232 i.
295 4188 322 4232 e.
345 4188 442 4250 quem
465 4165 594 4231 Abrah.
611 4165 802 4233 Gronovius
825 4185 843 4227 e
866 4162 935 4227 cod.
958 4161 1054 4227 Bodl.
1077 4182 1215 4243 operum
1238 4160 1346 4226 Taciti

253 4280 341 4344 eruit
363 4285 397 4344 56
418 4278 599 4360 publicavit
625 4278 660 4342 in
682 4275 892 4360 praefatione
915 4295 990 4356 opp.
1009 4271 1119 4338 Taciti
1142 4294 1219 4337 555
1242 4272 1344 4336 edito-

251 4413 326 4456 rum
351 4392 441 4454 1721.
