2962 4912
182 319 245 384 466
603 316 779 368 mmm
801 311 953 368 10sm’n1.

184 471 303 557 θρὸμου
330 465 393 535 τοῦ
420 468 575 554 μεγάλου
601 461 664 530 τοῦ
690 466 839 549 ὑψίστου
867 469 1008 549 μέλλεισ
1031 471 1129 550 κρῖμω
1152 467 1221 531 τὰσ
1246 466 1383 533 δώδεκα

185 583 301 670 ᾠυλὰσ
318 577 544 665 τοῦἹσραέιλ·
575 578 715 663 ωολλῦμ
734 577 800 663 γὰρ
819 577 955 662 κόλασιμ
974 577 1166 662 ἧτοῐμασασ
1184 574 1238 665 τοῦ
1263 578 1382 663 κόσμῳ

112 692 123 709 ”
185 719 247 760 σου
270 693 306 758 δι’
334 691 467 777 έουτόμ.

269 807 283 845 ⁴
306 806 373 869 Καὶ
401 798 511 866 ταῦτα
539 799 708 885 εῑωὸμτοσ
729 795 792 864 τοῦ
813 794 944 884 λῃστοῦ
966 802 1064 885 λέγει
1087 797 1184 886 αὐτῷ
1209 797 1383 866 ὁἸυσοῦσ

175 916 287 1001 ’λμὴμ
311 914 395 1000 ἆμὴμ
416 917 517 999 λέγω
536 936 599 988 σοι,
623 906 741 995 Δυμᾶ,
766 911 814 975 ὅτι
835 910 980 997 σέμερομ
1000 911 1071 995 μετ’
1092 907 1175 998 έμοῦ
1191 919 1254 996 ἔσῃ
1272 916 1310 998 έμ
1327 909 1381 996 τῷ

183 1029 397 1112 ωσραδείσορ.
442 1028 474 1089 οῖ
496 1026 533 1088 δὲ
555 1028 616 1087 υῑοῖ
638 1017 706 1086 τῦσ
727 1025 918 1098 Βασιλεῐασ,
948 1026 979 1087 οῖ
1000 1025 1130 1088 ωαΐδεσ
1145 1023 1305 1109 ’λυραὰμ
1331 1032 1381 1089 καὶ

176 1138 291 1204 Ἰσαὰκ
319 1142 368 1201 καὶ
384 1135 504 1200 ἸακὼΒ
532 1139 582 1199 καί
604 1137 792 1210 Μωσέωσ,
822 1131 1085 1219 έκΒλυθήσομτω
1110 1139 1163 1199 εἰσ
1184 1134 1227 1199 τὸ
1250 1137 1383 1201 σκότοσ

184 1250 226 1315 τὸ
244 1251 428 1333 ἑρώτερομ·
458 1249 527 1310 έκεῖ
544 1252 640 1311 ἔσται
665 1244 683 1310 ὃ
706 1244 876 1329 κλαυθμὸσ
899 1249 948 1309 καὶ
973 1244 991 1309 ὅ
1013 1245 1163 1332 Βρυγμὸσ
1184 1254 1258 1333 τῶμ
1283 1246 1381 1332 ὂδὸμ-

185 1384 268 1447 τωρ.
314 1359 356 1424 σὺ
384 1361 421 1422 δὲ
449 1357 555 1442 μόμοσ
583 1357 730 1423 οἲκήσεισ
753 1359 790 1441 ἑρ
812 1351 866 1441 τῷ
888 1358 1092 1441 ωαραδεῐσορ
1116 1362 1191 1423 έωσ
1213 1354 1281 1423 τῦσ
1305 1361 1382 1423 ὁευ·

184 1476 292 1557 τέρασ
319 1495 380 1556 μου
410 1473 621 1555 ωαρουσίασ,
650 1467 710 1533 ὅτε
732 1471 853 1552 μέλλω
876 1471 990 1552 κρῐμειμ
1019 1468 1105 1532 τοῦσ
1132 1469 1174 1553 μῦ
1204 1470 1382 1556 ὁμολογή·

185 1606 319 1669 σοιμτασ
341 1577 394 1667 τῷ
414 1580 554 1665 ὂμὸματῐ
577 1604 648 1665 μου.
688 1583 789 1663 εῐωεμ
813 1581 850 1642 δὲ
872 1574 926 1663 τῷ
944 1574 1057 1664 λῃστῇ
1072 1579 1272 1667 Ἆωελθὼμ
1298 1585 1381 1646 εῑωὲ

183 1700 260 1758 τοῖσ
279 1696 445 1777 ΧερουΒΙμ
464 1695 514 1755 καὶ
532 1698 612 1755 ταῖσ
630 1691 816 1775 ὃυμᾶμεσιμ,
840 1697 917 1755 τοῖσ
939 1690 1001 1774 τῦμ
1023 1695 1190 1777 ᾡλογίμυμ
1212 1697 1381 1778 ρομῲαῖαμ

185 1808 403 1889 στρέῴουσιμ,
431 1808 508 1867 τοῖσ
535 1802 763 1887 ᾠυλάττουσιμ
791 1801 850 1887 τὸμ
874 1803 1084 1888 ωαράδεισομ
1109 1805 1143 1887 έτ
1166 1802 1207 1868 οῦ
1230 1805 1382 1889 ε’)’λὸὰμ

184 1915 520 2001 ὃωρωτόωλαστοσ
544 1916 580 1998 έμ
604 1915 807 1997 ωαραδείσορ
832 1916 978 1999 ἑγέμετο
1005 1918 1055 1977 καὶ
1076 1918 1211 1998 ωαρέυυ
1236 1920 1288 1980 καὶ
1312 1917 1383 1981 τὰσ

184 2027 336 2113 ἑμτολάσ
358 2050 420 2111 μου
442 2024 500 2089 οὐκ
522 2025 689 2109 έῴύλαρεμ
713 2029 763 2088 καὶ
787 2026 948 2109 έρέυολομ
972 2023 1074 2110 αῦτόμ
1095 2027 1236 2111 ἑκεῖθεμ·
1266 2026 1384 2092 οὖδείσ

184 2140 220 2202 δὲ
235 2144 308 2223 τῶμ
323 2136 480 2221 ωρώτωμ
497 2136 624 2219 ὄψεται
639 2134 700 2219 τὸμ
716 2135 926 2220 ωαρᾶδεισομ
942 2139 1018 2200 ἓωσ
1028 2140 1149 2220 μέλλω
1165 2139 1201 2200 ἑκ
1216 2139 1383 2223 δευτέρου

185 2251 342 2334 ἔρχεσθαι
365 2254 463 2333 κρῖμαι
486 2252 626 2331 ζῶμτασ
646 2251 696 2309 καὶ
721 2248 859 2331 μεκροὺσ
877 2285 919 2295 -
936 2246 1084 2333 γράψασ
1108 2248 1226 2313 οὕτωσ
1241 2244 1384 2314 Ἰυσοῦσ

184 2361 337 2446 Χριστὸσ
361 2360 379 2423 ὃ
401 2362 475 2423 υῖὸσ
496 2355 558 2424 τοῦ
582 2355 662 2423 θεοῦ
685 2358 704 2421 ὃ
726 2358 904 2443 κατελθοόμ
929 2361 965 2421 έκ
983 2366 1057 2444 τῶμ
1078 2359 1286 2445 ῦψωμᾶτωμ
1304 2369 1382 2445 τῶρ

184 2472 349 2557 οῦρομῶμ,
374 2472 392 2535 ὃ
415 2470 565 2555 έρελθοὸμ
590 2473 627 2533 ἑκ
648 2466 710 2534 τοῦ
733 2469 867 2534 κόλωου
885 2465 948 2534 τοῦ
964 2470 1111 2555 ἆορᾶτου
1126 2472 1269 2556 ωατρὸσ
1285 2473 1384 2557 ἅχω·

184 2588 314 2669 ρίστωσ
341 2588 391 2646 καὶ
420 2580 597 2666 κατελθωμ
627 2585 679 2644 εῑσ
705 2580 766 2666 τὸμ
795 2581 918 2666 κόσμομ
946 2580 997 2645 διὰ
1023 2582 1074 2645 τὸ·
1092 2580 1305 2668 σαρκωθῦμω
1332 2590 1382 2648 καὶ

184 2690 321 2778 σταυρῷ
346 2689 625 2778 ωροσυλωθῦμυι,
645 2694 702 2777 ῗμα
725 2697 836 2757 σώσω
858 2691 918 2777 τὸμ
935 2692 1049 2777 “λδὰμ
1073 2694 1109 2778 ὄμ
1129 2718 1199 2779 ωερ
1219 2702 1382 2772 ἕωλασα,

183 2811 262 2869 ταῒσ
292 2803 560 2889 ἆρχαγγελικαῖσ
588 2827 649 2887 μου
672 2804 863 2889 ὁυμάμεσιμ,
892 2811 968 2868 τοῖσ
990 2800 1052 2868 τοῦ
1074 2808 1288 2889 ωαραδεῐσου
1311 2832 1382 2872 ωυ-
1427 2859 1435 2877 .

183 2923 330 3000 λωροῖσ,
361 2921 439 2978 τοῖσ
461 2909 523 2977 τοῦ
545 2913 685 2998 ωατρόσ
708 2939 770 2999 μου
792 2914 992 2998 ῦωυρέταισ.
1037 2918 1146 2980 Θέλω
1169 2921 1219 2980 καὶ
1244 2918 1382 2985 κελεύω

186 3026 350 3109 εἷσελθεῖμ
383 3024 441 3110 τὸμ
471 3024 781 3110 συμσταυροῦμεμὸμ
811 3050 877 3110 μοι,
910 3025 1030 3111 ὅῲεσιμ
1060 3026 1229 3114 ἁμαρτιῶμ
1259 3037 1381 3114 λαΒεΐμ

184 3134 220 3199 δι’
242 3137 316 3220 έμέ,
340 3141 389 3200 καὶ
410 3136 583 3222 ἅφθαρτομ
606 3143 706 3221 σῶμα
727 3136 950 3223 ῦμῴιεσμέμομ
974 3139 1140 3225 εἷσελθεῖμ
1166 3141 1202 3225 έμ
1229 3136 1283 3226 τῷ
1305 3167 1381 3205 ωα-

186 3357 254 3427 Βέμ
275 3354 372 3426 θρόμῳ
391 3357 437 3426 τῷ
456 3358 577 3429 ὑψίστῳ
598 3354 767 3429 καθήμεροσ
789 3359 793 3428 Ι
817 3355 939 3430 ωολλῦρ
956 3356 1011 3428 γὰρ
1030 3397 1038 3406 .
1057 3357 1101 3413 διὰ
1120 3358 1229 3433 ἑαυτόμ
1249 3366 1279 3430 (Α
1300 3363 1380 3432 -τοῦΙ

184 3462 242 3497 cum
260 3458 295 3496 ιο
313 3481 339 3496 ..
358 3459 375 3495 τι
392 3462 434 3496 om

268 3534 293 3581 4.
318 3527 415 3597 Δυμᾶ
434 3548 492 3582 cum
510 3546 616 3584 c..n
635 3525 728 3600 Δὺμα
744 3530 749 3598 Ι
766 3546 783 3581 B
802 3549 844 3583 om
863 3528 907 3584 ὄτι
922 3533 956 3600 Ιο
974 3550 1016 3586 om
1034 3530 1080 3598 τῷ
1095 3533 1099 3600 Ι
1112 3548 1130 3585 n
1149 3534 1175 3583 οἱ
1194 3532 1226 3584 δὲ
1244 3534 1299 3585 υῑοῐ
1318 3533 1379 3588 ττῖσ

184 3609 355 3670 ἁωωλείοσ,
365 3617 469 3667 ominis
481 3617 505 3665 οἱ
515 3614 626 3666 ωοῖοεσ
635 3633 718 3681 unque
729 3614 877 3666 Μωσέωσ
890 3616 894 3683 Ι
908 3634 926 3668 Δ
936 3613 1176 3688 έμυλυθέισορτω
1191 3618 1195 3686 Ι
1209 3616 1264 3670 ὅτε
1273 3619 1379 3682 μέλλω

182 3729 192 3740 -
203 3693 250 3760 τῷ
264 3689 350 3765 ὀμόμ.
364 3712 420 3763 μου
433 3698 461 3760 (n
476 3713 532 3766 μου
543 3695 579 3749 τὸ
594 3694 704 3769 ὅμομσ)
717 3717 780 3751 vum
793 3715 829 3750 ΑΒ
842 3739 849 3752 .
862 3738 869 3752 .
882 3715 897 3752 ο
911 3698 984 3769 ὄταμ
999 3699 1100 3771 μέλλω
1113 3704 1197 3770 κρῖμαι
1209 3699 1289 3756 τοὺσ
1300 3720 1378 3774 map-

184 3773 365 3848 οργῐσσρτάσ
378 3794 414 3847 με
437 3780 441 3846 Ι
464 3796 480 3830 n
494 3799 535 3832 om
550 3780 637 3851 εῗωερ
649 3780 681 3833 δὲ
693 3779 740 3849 τῷ
751 3781 848 3851 λῃστῇ
862 3802 945 3851 unque
958 3785 1020 3837 dum
1033 3788 1154 3852 sequitur
1167 3785 1222 3837 Καὶ
1234 3784 1298 3840 ἰδοὺ
1310 3786 1379 3841 τοῦ·

182 3881 246 3934 τωρ
267 3863 430 3934 ῥυθέμτωμ.
444 3865 448 3932 Ι
462 3869 527 3916 τοῖσ
540 3869 569 3931 (ι
581 3871 655 3926 τοῖο,
673 3882 689 3920 ο
707 3868 748 3920 καί
760 3872 838 3935 τοῖσ)
856 3904 865 3914 -
885 3869 1064 3941 στρέῲουσιμ
1083 3872 1109 3936 (ο
1122 3869 1301 3941 ᾶμαστρέῲ,)
1320 3903 1330 3914 -
1349 3875 1377 3939 ἐ)

184 3942 220 3999 οῦ
238 3951 267 4015 (ο
286 3947 344 4018 ὡρ)
363 3983 371 3993 -
390 3945 422 4017 έρ
441 3949 616 4017 ωαραδεὶσορ
635 3954 663 4017 (c
681 3952 714 4022 έμ
733 3949 915 4022 ωαραθὰσει)
933 3955 976 4021 ἑγ.
996 3956 1036 4005 καὶ
1059 3970 1132 4022 ωαρ.
1152 3956 1193 4007 καὶ
1216 3961 1246 4023 (ο
1264 3957 1309 4009 ὄτι
1328 3978 1377 4028 pro

184 4052 205 4084 κ.
218 4049 253 4084 ω.
267 4036 300 4099 κ.)
312 4068 321 4079 .
333 4033 365 4084 ἐκ
377 4033 515 4100 δευτέρου
529 4037 555 4100 (ο
568 4040 645 4102 ρασ)
660 4038 664 4105 Ι
678 4053 693 4090 ο
706 4037 737 4090 ἐκ
747 4055 773 4090 τ.
786 4038 890 4111 ὑψωμ.
902 4058 927 4095 τ.
941 4039 1134 4111 ἐωουραμὶωρ
1148 4043 1153 4110 Ι
1166 4040 1222 4094 τοῦ
1240 4038 1306 4111 ἆορ.
1318 4060 1377 4097 mu.

184 4119 321 4187 ἁχωρὶστ.
335 4140 395 4174 oum
408 4138 425 4172 Δ
438 4161 444 4174 .
457 4160 464 4174 .
478 4137 493 4175 c
506 4119 560 4172 τοῦ
578 4119 642 4190 ἆορ.
656 4141 712 4192 μου
729 4141 828 4195 ωατρ.,
846 4132 943 4181 omino
962 4127 1055 4195 ἁχωρ.
1070 4129 1074 4196 Ι
1091 4145 1107 4182 ο
1125 4133 1194 4182 mule
1213 4148 1256 4183 om
1275 4129 1322 4183 διὰ
1340 4130 1377 4184 τὸ

185 4209 328 4277 σαρκωθ.Ἰ
341 4224 359 4261 ι
378 4203 412 4277 ὃρ
432 4206 554 4261 έωλασο
572 4208 576 4276 Ι
594 4213 661 4261 ταῑσ
679 4207 800 4280 ἁρχαγγ.
819 4223 877 4268 etc:
896 4231 912 4268 ο
930 4220 998 4269 mule
1017 4234 1107 4282 praem
1125 4213 1159 4283 ἐρ
1176 4214 1182 4284 Ι
1200 4232 1377 4288 τ.συμστου-

184 4288 329 4363 ροῦμερομ
350 4295 376 4358 (ο
395 4283 556 4362 -ρῶμερορ)
576 4309 623 4362 μοι
642 4296 670 4360 (ο
689 4295 726 4363 τῇ
745 4296 801 4366 ἐμᾷ
821 4295 951 4367 θεότυτι)
975 4299 980 4367 Ι
1006 4299 1043 4352 δι’
1063 4297 1117 4371 έμέ
1139 4318 1200 4353 cum
1219 4316 1237 4354 ο
1254 4338 1283 4355 ..
1303 4304 1375 4358 161'

184 4374 257 4446 ἐμοῦ
283 4377 287 4444 Ι
312 4375 407 4429 οοῦό.
426 4372 545 4446 ὁύμοταὶ
562 4393 646 4430 ωοτε
