2962 4912
138 276 197 338 102
327 276 918 328 l’sssUDO·u1uTutl.II11Itvunsiutwnt.
946 278 1020 328 cur.
1040 275 1147 327 xxxu.

138 449 225 492 eum.
264 425 357 508 Quid
379 424 513 490 dicam?
549 425 628 490 Non
652 426 748 493 valeo
773 429 946 493 sustinere
968 427 1071 491 verbu
1093 427 1191 510 pueri
1215 426 1339 490 huius:

138 531 180 595 de
198 532 262 594 hoc
282 533 349 594 iam
366 530 555 611 municipio
573 530 713 613 fugiam,
732 532 814 615 qula
828 532 1003 596 nonvaloo
1021 531 1107 595 liaeo
1125 529 1341 612 intelligere.

137 631 193 698 Ab
217 633 350 697 insonte
374 652 479 695 sonex
499 632 609 696 uictus
627 653 716 715 sum,
739 635 822 717 quis
844 654 956 715 neque
981 632 1120 695 initium
1141 632 1183 695 do
1208 632 1341 714 quibus

138 737 212 819 ipse
235 734 379 800 affirmat
401 734 555 798 invenire
578 758 647 800 uon
669 758 811 818 possum
833 758 897 801 nec
920 736 1031 799 finem.
1070 734 1221 799 Difficile
1246 735 1340 797 eninr

139 846 192 904 est
208 839 346 903 initium
367 859 407 901 ex
424 859 460 901 se
479 838 555 919 ipso
574 839 737 920 reperire.
763 837 866 903 Certe
879 837 1075 918 diceretis,
1095 861 1163 902 non
1176 838 1341 916 mentior,

138 940 231 1024 quod
248 948 327 1004 unte
345 961 439 1004 meos
457 941 578 1004 oeulos
596 941 752 1023 operatio
770 941 874 1005 huius
886 941 985 1023 pueri
1003 947 1037 1005 et
1054 941 1155 1005 initio
1167 943 1342 1005 sermonis

138 1045 212 1109 eius
234 1050 268 1106 et
287 1043 494 1107 intentionis
513 1043 626 1108 exitus
644 1043 731 1108 nihil
749 1065 826 1108 cum
842 1044 1041 1108 horninibus
1054 1065 1235 1107 commune
1247 1042 1342 1107 ride·

38 1156 43 1167 ’
137 1153 194 1211 tur
210 1146 348 1210 habore.
380 1146 450 1210 Hic
468 1167 549 1229 ergo
568 1147 686 1212 nescio
704 1169 747 1210 an
765 1167 884 1229 magus
902 1154 961 1210 aut
983 1146 1069 1210 deus
1087 1147 1147 1226 sit3
1164 1153 1227 1211 aut
1244 1152 1339 1211 certe

137 1249 283 1331 angelus
295 1248 351 1311 dei
368 1248 526 1331 loquitur
542 1250 577 1313 in
595 1271 646 1313 eo.
672 1249 774 1313 Unde
792 1249 837 1312 sit
854 1256 913 1312 aut
931 1249 1022 1312 uude
1035 1249 1169 1313 uenerit
1185 1255 1247 1313 aut
1260 1249 1340 1332 quis

137 1352 276 1416 futurus
294 1352 349 1431 sit,
367 1352 497 1415 nescio.
543 1354 554 1385 ⁴
571 1350 670 1415 Tunc
686 1352 786 1416 lesus
805 1351 896 1416 lueto
914 1352 1009 1416 vultu
1029 1352 1215 1416 subridens
1234 1351 1277 1416 de
1298 1373 1339 1416 eo

137 1454 225 1518 dixit
242 1475 319 1517 curn
341 1455 487 1536 imperio
505 1456 641 1519 eunctis
659 1455 740 1519 liliis
758 1455 868 1519 Israel
890 1454 1086 1519 astantibus
1109 1463 1143 1520 et
1165 1455 1340 1519 {erudienti-

138 1558 217 1621 Irus:
253 1558 484 1622 Fructifioeut
509 1556 718 1623 infructuosi
742 1564 776 1622 et
798 1557 938 1622 videant
958 1559 1053 1623 caeci
1076 1566 1110 1623 et
1132 1558 1249 1622 claudi
1271 1580 1340 1622 arn·

137 1660 261 1725 bulent
277 1667 370 1725 recte
389 1668 424 1725 et
441 1682 613 1744 pauperes
631 1663 792 1726 fruantur·
807 1662 908 1727 bonis
927 1670 961 1726 et
978 1663 1185 1727 reviviscant
1198 1663 1338 1743 mortui,

138 1770 176 1828 ut
193 1751 430 1846 redintegrato
449 1770 542 1828 statu
559 1765 800 1847 unusquIsque
819 1771 1012 1829 reuertatur
1029 1771 1064 1828 et
1079 1775 1284 1847 permaneat
1304 1765 1339 1828 in

138 1889 178 1932 eo
202 1867 277 1948 ipso
296 1867 356 1949 qui
378 1867 476 1931 radix
498 1873 552 1931 ost
575 1868 664 1931 ultae
689 1874 723 1931 et
744 1866 942 1931 dulcedinis
963 1874 1165 1949 perpetuae.
1197 1867 1340 1930 Etcum

138 1970 203 2035 hoc
224 1970 370 2056 disisset
392 1969 507 2034 infans
524 1969 640 2051 Iesus,
664 1971 829 2034 continuo
855 1978 936 2034 suut
957 1991 1075 2034 omnes
1098 1971 1254 2034 restituti
1280 1971 1341 2052 qui

138 2073 201 2138 sub
219 2072 318 2138 mulis
331 2071 534 2137 deciderant
551 2072 821 2138 infirmitatibus.
846 2073 894 2136 Et
909 2073 1058 2156 crnplius
1077 2095 1145 2138 non
1161 2072 1342 2137 audebant

138 2176 254 2241 dicere
273 2177 305 2240 ei
322 2176 456 2259 aliquid
473 2183 534 2241 out
549 2175 670 2240 audire
691 2175 732 2240 ab
752 2196 802 2240 eo.

582 2397 702 2463 Cunus
725 2398 889 2462 XXXII.

224 2553 311 2617 Post
329 2553 414 2616 haec
431 2551 595 2617 abierunt
610 2553 691 2617 inde
704 2552 832 2633 Ioseph
850 2551 1008 2616 otMoria
1025 2573 1101 2616 curn
1113 2551 1195 2615 Icsu
1214 2551 1250 2613 in
1263 2550 1347 2614 ciri·

139 2661 245 2718 tatem
257 2654 447 2734 Nazareth;
466 2661 500 2719 et
517 2661 591 2719 erat
607 2656 656 2719 ibi
675 2654 967 2737 comparentibus
980 2655 1063 2718 suis.
1088 2654 1135 2718 Et
1152 2675 1229 2718 cum
1248 2660 1347 2717 essct

140 2757 187 2822 ibi
211 2780 280 2822 unc
297 2757 449 2839 sabbati,
473 2757 553 2821 dum
570 2759 670 2823 Iesus
688 2757 826 2822 luderet
842 2779 919 2822 curn
938 2756 1133 2821 infantibus
1156 2759 1190 2821 in
1210 2756 1344 2821 solario

140 2970 235 3017 inuenit
249 2970 319 3016 Iesus
332 2969 423 3016 librum
435 2985 509 3016 unum
522 2970 548 3016 tn
561 2973 633 3016 terra
646 2967 691 3029 (ct'.
706 2966 739 3016 sd
754 2968 818 3016 hoec
833 2972 860 3015 et
871 2966 1011 3030 sequentis
1022 2981 1079 3028 cup.
1090 2966 1236 3028 XXXIX.):
1250 2969 1277 3016 et
1289 2987 1295 3013 ι
1305 2982 1346 3014 usn

140 3055 280 3116 accepisset
291 3071 353 3110 eum,
367 3054 470 3114 aperuit
481 3070 509 3101 os
520 3071 591 3102 suum
603 3051 657 3117 [et]
671 3053 820 3116 mouebatur
831 3053 863 3100 de
874 3053 969 3113 spiritu
981 3056 1077 3108 sancto,
1090 3051 1145 3116 [ct]
1158 3054 1189 3101 de
1202 3053 1258 3115 leffe
1270 3053 1346 3101 doce·

141 3139 184 3186 tas
202 3140 337 3189 universos.
364 3141 454 3188 Omnes
471 3141 569 3203 quidem
586 3141 629 3203 qui
647 3140 779 3196 astabant,
798 3137 904 3185 libenter
916 3153 970 3185 eura
983 3137 1132 3194 audiebant,
1150 3135 1206 3201 [et]
1220 3138 1344 3201 depreea-

140 3225 232 3273 dantur
250 3241 303 3271 rum
321 3229 349 3272 ut
367 3225 475 3273 ulterius
492 3227 593 3274 doceret
611 3241 659 3273 eos.
689 3224 817 3286 Mayistar
836 3223 881 3271 ills
898 3225 971 3270 iusta
987 3239 1042 3270 euin
1059 3224 1161 3270 sedehat
1180 3239 1235 3270 curn
1253 3223 1346 3271 timore

140 3324 238 3372 ursaque,
255 3311 324 3372 quia,
342 3327 396 3358 eum
407 3326 457 3359 noa
468 3314 533 3359 esset
544 3311 627 3359 decem
639 3326 769 3367 annorum,
787 3309 818 3357 de
830 3324 873 3358 ore
885 3309 966 3370 siccius
977 3308 1135 3357 subtilissimi
1147 3324 1275 3356 serinonss
1284 3309 1345 3377 ¹esi·

141 3395 208 3444 bant.
235 3395 345 3444 Currens
361 3400 443 3443 autum
460 3397 581 3459 insonter
599 3396 633 3444 ad
646 3394 817 3457 Iosepludiait
833 3395 870 3440 ei:
896 3394 971 3441 Scias
980 3395 1151 3458 fraterquod
1169 3395 1258 3458 infans
1276 3399 1344 3449 tuus,

141 3497 210 3544 ouem
223 3481 257 3528 ad
269 3481 483 3542 disciplinandum
495 3482 608 3543 suscepi,
626 3481 755 3543 supientia
773 3485 798 3528 et
809 3481 889 3529 multa
900 3481 989 3542 aratia
1002 3485 1040 3528 est
1051 3480 1171 3542 repletas.
1197 3480 1267 3527 Ecce
1280 3479 1344 3528 tolle

140 3583 194 3615 eum
206 3568 232 3614 in
244 3567 342 3615 domum
355 3571 436 3624 tuam,
454 3566 520 3629 quod
532 3566 620 3628 oratio
632 3581 705 3627 quam
717 3564 791 3612 habet
803 3582 820 3612 a
832 3565 931 3613 donnino
943 3565 989 3613 deo
1002 3566 1066 3613 datu
1078 3569 1116 3613 est
1128 3565 1159 3612 ei.
1186 3566 1247 3612 Cum
1259 3569 1345 3613 autem

141 3653 254 3701 ruudmset
264 3652 335 3700 Iesus
346 3652 494 3715 magistrum
506 3651 556 3698 illo
567 3651 719 3714 loquentem,
735 3651 866 3712 respoudit
878 3655 902 3698 e!
915 3651 982 3697 dixit
995 3651 1018 3698 ei
1023 3669 1030 3696 .-
1055 3649 1145 3698 Verum
1157 3650 1249 3697 dixisti
1256 3686 1263 3708 ,
1282 3653 1345 3713 quio

140 3738 219 3788 omnis
226 3743 343 3800 potestus
354 3738 418 3786 data
430 3742 468 3786 est
480 3738 539 3786 aridi
551 3753 567 3784 a
576 3741 655 3798 patre
666 3752 718 3785 meo
731 3737 774 3799 qui
785 3753 821 3784 me
834 3736 909 3784 misit.
936 3736 987 3784 Sed
1000 3733 1136 3799 [propter]
1150 3736 1260 3791 verbum,
1277 3737 1344 3799 quod

140 3826 171 3873 de
183 3841 220 3872 nne
233 3824 331 3874 locutus
342 3840 381 3880 es,
400 3823 446 3871 ille
458 3825 578 3887 maaistes·
591 3823 633 3886 qui
645 3839 682 3870 me
691 3823 818 3882 percussit
830 3838 934 3885 eurysrs
945 3823 1033 3879 iubet,
1053 3823 1097 3885 qui
1108 3825 1222 3869 mortuus
1234 3825 1280 3870 est.
1307 3821 1346 3869 Et

140 3909 222 3960 subito
234 3911 347 3959 surrexit
359 3911 501 3974 quisuerot
514 3913 638 3967 stortura,
657 3912 683 3956 et
694 3909 762 3956 venit
773 3909 807 3956 ad
820 3909 917 3957 dorsum
929 3924 1007 3956 suam.
1038 3906 1077 3954 Cf.
1093 3908 1157 3956 hsce
1171 3908 1296 3970 inprimis
1311 3906 1345 3955 sd

141 4010 235 4060 evang.
249 3996 341 4044 'l'hom-
355 3996 445 4045 Lstin.
459 4011 517 4059 esp.
530 3993 604 4043 XIII.
629 3994 771 4042 Praetores
784 4009 837 4042 nou
852 3994 1064 4054 obliuiscendum
1079 3999 1134 4050 est,
1155 3992 1297 4041 historiam
1311 3991 1345 4041 ‹ls

141 4082 269 4146 magistro
289 4098 320 4130 ex
334 4080 478 4131 dovotione
497 4085 617 4133 mortuo.
636 4094 702 4142 quse
721 4095 752 4128 ex
766 4079 857 4128 codiee
871 4093 888 4127 s
901 4081 990 4143 cspito
1004 4078 1152 4128 XXXVIII.
1167 4078 1298 4136 habetur,
1317 4078 1346 4127 in

141 4167 234 4216 codice
248 4180 263 4214 Β
277 4168 328 4216 ism
342 4172 405 4217 suto
419 4171 501 4230 esput
515 4172 635 4216 nostruin
648 4165 726 4214 XXX.
740 4166 856 4228 positum
870 4181 935 4213 esso.

210 4252 317 4303 XXXII.
335 4254 399 4302 Post
410 4253 472 4300 daeo
484 4252 601 4300 aiterum
613 4253 662 4312 (its
673 4250 755 4301 codex
769 4264 799 4308 1³;
813 4249 871 4298 ced.
886 4264 899 4298 I
915 4251 1043 4309 abierant)
1055 4275 1063 4285 ·
1075 4276 1083 4285 ·
1095 4266 1148 4298 eum
1158 4252 1263 4312 parent.
1277 4249 1347 4297 suis.-

143 4339 207 4388 hueo
226 4339 254 4387 iu
268 4337 326 4387 cod.
340 4353 357 4386 n
374 4338 408 4387 sd
425 4338 565 4387 historism
579 4337 676 4400 cupitis
695 4337 780 4386 nostri
795 4335 901 4384 XXt'll.
916 4336 1069 4399 pertinent,
1090 4336 1165 4384 cuius
1183 4335 1217 4383 sd
1234 4335 1349 4384 initium

141 4424 301 4487 scripturum
321 4423 422 4473 codicis
440 4436 457 4472 n
476 4424 654 4488 opposuisses.
678 4419 682 4486 Ι
707 4422 745 4471 Et
761 4425 895 4470 sumerset
911 4421 1013 4469 ieiuna
1029 4419 1130 4468 sabboti
1148 4423 1206 4468 etc:
1231 4419 1349 4468 crudem
