2962 4912
598 344 873 397 rnonnoonnun.
1275 361 1340 408 nm

161 523 218 568 rum
237 495 510 580 interpretatione
528 495 634 561 latina
649 495 880 578 complectitur
895 494 1034 578 paginas
1053 496 1122 559 161.
1138 494 1245 560 forma
1260 495 1339 564 duo·

159 610 286 691 denaria;
309 613 409 674 notae
425 629 511 691 quae
530 613 659 673 textum
681 607 850 690 excipiunt
865 609 915 671 94.
951 605 1039 673 Sikii
1053 606 1238 672 versionem
1254 628 1339 672 eam·
1367 611 1370 616 ’

157 745 204 808 que
234 720 339 787 solam
375 720 582 803 repetierunt
619 720 653 783 in
690 718 954 802 apocryphorum
991 718 1240 785 collectionibus
1270 721 1338 786 suis

154 833 353 902 Fabricius
376 838 410 898 et
431 832 634 914 Ionesius,
659 832 738 897 item
761 829 837 896 Car.
858 830 935 898 Chr.
956 831 1041 897 Lud.
1061 830 1337 915 Schmidiua¹).

150 945 311 1014 Fabricius
342 949 470 1010 textum
501 943 589 1026 apud
614 941 744 1009 Sikium
776 943 968 1008 continuum
999 945 1035 1009 in
1067 944 1177 1027 capita
1203 943 1267 1011 LV
1290 944 1337 1009 di·

150 1057 266 1138 stinxit,
295 1055 489 1138 addiditque
518 1060 630 1136 notas,
658 1055 835 1119 maximam
860 1056 993 1137 quidem
1020 1061 1151 1138 partem
1173 1055 1337 1122 Silianas.

145 1168 289 1250 Denique
320 1188 427 1250 nuper
463 1167 501 1231 cl.
531 1165 649 1231 'I'hilo
687 1186 761 1230 cum
791 1166 942 1230 versione
974 1165 1060 1232 Silii
1094 1166 1199 1231 latina
1236 1167 1337 1231 etiam

143 1286 261 1346 textum
299 1279 469 1343 arabicum
506 1277 722 1360 repetendum
753 1277 881 1342 curavit
912 1299 985 1342 cum
1017 1276 1146 1343 delectu
1181 1282 1337 1343 notarum

140 1390 229 1475 primi
254 1389 406 1471 editoris,
428 1393 666 1472 praetereaque
689 1389 724 1453 in
747 1388 991 1472 prolegomenis
1013 1389 1163 1472 inprimis
1186 1389 1226 1454 de
1250 1389 1337 1454 codi-

140 1503 223 1568 cibus
251 1501 488 1584 manuscriptis
515 1500 621 1583 deque
652 1501 725 1583 ipso
756 1501 867 1566 libello
895 1521 916 1564 a
942 1501 1044 1566 variis
1070 1499 1338 1566 Christianorum

139 1612 348 1680 orientalium
369 1612 504 1677 familiis
527 1618 660 1695 recepto
684 1611 790 1676 fusius
813 1616 847 1677 et
869 1613 1057 1678 accuratius
1075 1611 1241 1676 disseruit.
1283 1608 1336 1678 De

138 1730 225 1790 textu
249 1724 386 1789 arabico
409 1724 545 1806 eiusque
568 1724 719 1788 versione
741 1723 797 1788 ille
820 1724 902 1789 haec
924 1723 1110 1788 adnotavit:
1138 1725 1249 1786 Tecmo
1263 1746 1337 1787 oro·

138 1839 192 1900 biri
219 1840 422 1922 versionr’aque
452 1836 564 1900 lotium
593 1839 667 1900 vitia
697 1837 816 1921 aliquot
839 1840 1027 1900 doctissimae
1054 1836 1167 1921 colleqo
1189 1837 1336 1922 Boediqe-

138 1971 186 2012 m
206 1950 378 2012 emendavit
397 1952 429 2011 in
450 1951 659 2033 speciminibus
681 1951 908 2035 typoqroplricis
929 1951 967 2011 ab
990 1952 1054 2032 apso
1076 1951 1226 2011 correctis.

215 2058 270 2125 De
293 2064 435 2125 nostro
457 2059 555 2124 huius
578 2059 740 2142 evangelii
764 2060 909 2124 editione
932 2059 1038 2124 latina
1055 2059 1137 2123 bene
1152 2058 1337 2140 promeruit

140 2170 366 2236 celeberrimus
394 2169 521 2253 collega
542 2169 762 2235 Fleischer.
805 2169 841 2234 Ia
865 2170 951 2234 enim
973 2191 1047 2236 meo
1070 2174 1190 2252 rogatu
1213 2170 1336 2235 versio·

139 2302 206 2346 nem
229 2279 405 2347 Sikianam
427 2281 575 2362 latinam,
600 2280 877 2362 quemadmodum
899 2302 920 2345 a
941 2280 1083 2347 'Ihilone
1106 2282 1254 2347 exhibita
1276 2288 1336 2365 est,

141 2392 174 2457 ad
195 2393 368 2458 arabicum
391 2398 519 2458 textum
542 2393 739 2476 impressum
761 2393 970 2475 recognovit:
1002 2373 1094 2459 unde
1117 2392 1205 2458 haud
1229 2414 1336 2475 pauca

140 2504 340 2570 immutanda
362 2505 497 2586 censuit,
520 2505 583 2570 etsi
606 2505 826 2588 posteriorem
848 2509 978 2588 partem
1001 2506 1109 2570 minus
1125 2525 1225 2588 quam
1247 2507 1335 2588 prio·

140 2637 201 2681 rem
228 2617 385 2681 correxit.
427 2615 560 2681 Harum
588 2617 810 2681 mutationum
838 2637 894 2681 eas
917 2637 1002 2698 quae
1026 2615 1152 2698 aliquid
1176 2616 1335 2681 momenti

140 2726 253 2793 habere
276 2728 473 2793 videbantur
494 2729 688 2810 plerumque
711 2727 746 2791 in
766 2727 856 2792 notia
874 2727 1025 2792 indicavi.
1062 2727 1168 2791 Error
1183 2727 1334 2809 inprimis

140 2839 289 2904 notabilis
314 2843 481 2903 correctus
504 2845 556 2904 est
579 2840 688 2922 capite
709 2839 804 2920 ΧΧ.,
829 2839 886 2904 ubi
913 2841 998 2918 Quali
1017 2843 1063 2901 rei
1083 2849 1134 2919 eat,
1157 2841 1335 2902 odoarium

140 2974 221 3030 neae,
245 2952 283 3013 de
304 2952 361 3013 boc
381 2951 460 3012 mulo
483 2950 690 3016 scribendum
707 2957 781 3016 erat
795 2972 856 3034 pro
883 2953 986 3030 Quam
1004 2952 1141 3036 pulcher,
1164 2953 1335 3014 odominae

140 3085 221 3141 oeae,
244 3063 295 3125 hic
318 3063 417 3125 mulos
439 3073 488 3126 est.
525 3062 640 3126 Etiam
658 3061 827 3126 arabicum
842 3067 970 3128 textum
985 3062 1195 3128 Fleischerus
1208 3062 1333 3144 passim

139 3172 321 3237 emendavit
342 3174 376 3237 in
400 3173 578 3257 exemplari
602 3194 685 3255 meo,
708 3179 746 3238 ut
768 3194 839 3256 cap.
860 3173 929 3238 III.
951 3174 1012 3255 bis,
1034 3173 1080 3238 X.
1102 3174 1161 3253 bis,
1183 3172 1250 3238 XI.
1273 3173 1332 3255 bis,

138 3281 214 3347 XX.
240 3283 309 3364 bis,
340 3283 461 3350 XXX
488 3284 651 3349 XXXII.
678 3283 895 3352 XXXVIII.
922 3283 1102 3350 XXXIX.
1133 3282 1333 3350 XXXXH.

137 3391 335 3460 XXXXV:
373 3395 431 3460 sed
461 3396 543 3461 haec
575 3397 763 3462 accuratius
796 3396 943 3461 indicare
975 3418 995 3461 a
1025 3402 1141 3462 nostro
1176 3397 1332 3462 instituto

136 3502 274 3569 alienum
298 3512 380 3570 erat.

216 3736 239 3801 1)
258 3739 353 3790 Edidit
372 3741 395 3790 is
415 3742 568 3805 etquidem
587 3742 820 3807 negligentissime
846 3743 944 3804 Corpus
966 3743 1073 3793 omnium
1096 3748 1206 3792 onem
1226 3756 1331 3806 apocry-

134 3824 235 3886 plomr
252 3831 330 3875 eaetro
347 3825 440 3884 biblio,
459 3827 636 3877 Hadamariae
657 3829 731 3878 1804.
749 3829 778 3876 in
797 3842 849 3891 quo
868 3828 954 3877 latine
973 3829 1101 3891 leguntur
1118 3842 1214 3891 evang.
1233 3826 1267 3878 de
1285 3843 1330 3878 nn·

136 3910 239 3960 tivitate
259 3911 368 3967 Mariae.
387 3913 557 3977 evangelium
575 3913 709 3963 infantiae
727 3912 870 3970 arabicum,
890 3912 1058 3977 evangelium
1076 3912 1227 3963 Nicodemi.

625 4196 837 4205 vau—.—
