2962 4912
137 300 179 364 84
343 301 675 352 Psalmo-mmmm
692 301 933 352 EVANGELIUM.
958 300 1031 351 cnP.
1049 300 1135 351 xvn.

139 472 216 517 cunr
226 452 270 518 ad
281 451 459 517 Herodem
470 472 587 534 regem
599 456 724 518 reverti
735 453 875 533 vellent,
887 452 1057 517 admoniti
1069 450 1343 516 suntinsomnis

138 555 181 620 ab
194 555 319 638 angelo
332 577 374 619 ne
388 555 546 619 redirent
561 555 605 620 ad
616 555 805 621 Herodem.
829 555 889 620 Illi
907 563 1023 621 autem
1040 555 1275 620 adoraverunt
1292 554 1344 617 in-

139 657 270 723 fantem
288 679 365 721 cum
382 659 475 721 omni
492 657 619 740 gaudio
638 666 674 723 et
689 682 752 741 prr
766 660 856 724 riam
872 658 977 724 aliam
993 658 1123 724 reversi
1137 664 1220 723 sunt
1239 657 1275 721 in
1293 676 1346 719 re-

139 782 277 844 gionem
295 781 400 825 suani.

607 998 727 1064 Onrrr
753 999 873 1067 XVII.

226 1172 235 1204 ¹
252 1168 387 1236 Videris
409 1177 525 1235 autem
541 1170 704 1236 Herodes
721 1192 781 1234 rex
798 1170 891 1254 quod
913 1170 1039 1235 illusus
1063 1178 1158 1235 esset
1177 1193 1197 1235 a
1219 1171 1345 1254 magite,

139 1272 388 1337 inflammatum
405 1281 459 1338 est
469 1294 528 1339 cor
539 1274 625 1355 eine,
642 1281 678 1339 et
691 1275 787 1339 misit
796 1294 859 1356 per
870 1294 988 1338 omnes
1000 1273 1073 1338 vias
1083 1274 1203 1339 volens
1216 1294 1345 1357 capere

139 1397 198 1441 eos
221 1382 257 1440 et
278 1376 486 1442 interficere.
520 1376 616 1460 Quos
634 1398 710 1441 eum
727 1377 869 1459 penitus
892 1377 1048 1441 invenire
1070 1397 1138 1440 non
1155 1378 1345 1459 potuisset,

138 1480 234 1544 misit
249 1480 480 1545 inBethleem
497 1486 533 1545 et
548 1480 678 1545 occidit
695 1501 813 1546 omnes
831 1479 984 1544 infantes
1002 1502 1022 1543 a
1037 1477 1169 1544 bimatu
1187 1485 1223 1544 et
1238 1479 1346 1561 infre,

138 1582 331 1646 secundum
348 1587 484 1665 tempus
502 1582 594 1665 quod
613 1584 827 1666 exquisierat
843 1604 863 1647 a
879 1583 999 1665 magis.

226 1680 347 1749 2Αιιιο
371 1707 478 1749 unum
500 1706 578 1750 vero
602 1685 694 1750 diem
715 1708 818 1769 quam
839 1684 906 1750 hoe
926 1684 1041 1764 fieret,
1067 1684 1269 1750 admonitus
1292 1691 1349 1750 est

138 1784 269 1869 Ioseph
291 1788 328 1850 in
351 1788 480 1852 somnis
503 1788 546 1853 ab
570 1788 695 1871 angelo
714 1788 845 1853 domini
863 1789 922 1871 qui
940 1787 1029 1851 dixit
1050 1787 1118 1850 illi:
1150 1787 1253 1853 Tolle
1271 1788 1349 1853 Ma·

139 1889 225 1954 riam
242 1896 278 1953 et
294 1889 473 1971 infantem,
491 1892 698 1973 etperviam
713 1891 819 1956 eremi
831 1911 936 1974 perge
954 1890 990 1954 in
1001 1889 1187 1973 Egyptum.
1212 1890 1347 1973 Ioseph

142 2013 222 2057 vero
240 1993 432 2057 seeundum
449 1993 564 2076 angeli
583 1993 714 2058 dictum
731 1994 802 2058 ivit.

142 2373 264 2434 Gnnrpar
274 2374 388 2432 mirram,
402 2374 531 2423 Melciior
543 2377 608 2432 tine,
621 2376 765 2424 Balthaear
778 2391 875 2423 airrnm.
890 2372 894 2440 Ι
908 2376 1003 2425 reverti
1012 2375 1118 2423 retient:
1136 2387 1171 2421 nr
1184 2372 1244 2422 vell.
1258 2374 1345 2421 redire

140 2453 144 2520 Ι
159 2457 224 2504 aden.
237 2461 296 2505 ennt
307 2458 334 2505 in
346 2460 438 2507 romnis
451 2458 479 2520 (c
490 2461 618 2518 romniiet)
632 2467 661 2508 ut
675 2472 719 2519 cn,
734 2461 798 2509 item
811 2473 827 2507 ιι
841 2459 943 2510 addens
956 2461 987 2508 ab
1001 2461 1104 2523 anyeior
1118 2473 1153 2507 ΑΒ
1167 2460 1194 2507 in
1205 2459 1301 2507 romnis
1314 2459 1344 2508 ab

139 2541 230 2604 anqeio
241 2543 331 2591 moniti
342 2548 400 2592 ennt
414 2541 417 2605 Ι
431 2560 462 2592 ne
474 2546 589 2594 redirent
601 2546 635 2593 ad
648 2544 746 2595 Herod.
760 2546 790 2607 (ι)
804 2546 868 2604 enm)
882 2552 913 2595 ut
926 2559 1014 2602 nem
1032 2558 1048 2593 ιι
1060 2544 1175 2592 neultra
1192 2546 1227 2594 ad
1239 2561 1294 2594 enni
1307 2562 1345 2594 re·

138 2631 307 2685 verterentur,
320 2645 348 2678 eo
358 2631 424 2693 qnod
432 2629 499 2678 male
508 2631 635 2693 royitaret
643 2632 770 2695 (tepuere.
786 2630 789 2693 Ι
803 2631 853 2679 Illi
866 2656 874 2666 ·
888 2647 942 2679 enm
951 2631 1017 2680 omni
1024 2630 1101 2692 ymni.
1115 2628 1145 2691 (D
1153 2631 1232 2693 gand.
1243 2632 1345 2693 mayno)

138 2718 170 2762 ut
183 2725 232 2771 cm
251 2713 316 2762 item
329 2726 345 2762 Ε
358 2713 407 2762 lili
419 2718 501 2763 arium
517 2715 608 2764 iterum
624 2717 763 2765 adorantes
780 2717 917 2780 infantem,
935 2731 989 2763 enm
1005 2716 1072 2764 omni
1080 2716 1173 2777 9and.;
1191 2728 1228 2763 AB
1242 2731 1285 2765 om
1299 2722 1304 2779 Ι
1320 2720 1345 2764 et

137 2813 187 2862 per
197 2799 265 2846 niem
277 2798 357 2847 aliurn
370 2797 418 2861 (An
431 2799 477 2848 ali.
489 2799 535 2862 ni.)
548 2807 579 2849 ut
592 2813 679 2861 enom
693 2815 709 2850 n
721 2799 792 2864 (sine
805 2802 840 2865 et)
849 2818 900 2865 per
911 2802 1021 2850 alteram
1033 2803 1099 2849 viam

208 2899 294 2959 xvn,
315 2904 338 2950 1.
369 2901 463 2952 Vident
474 2928 483 2938 ·
496 2919 543 2952 rer
555 2902 597 2965 (ut
609 2915 655 2962 cr,
674 2920 716 2953 om
729 2903 777 2967 ΑΒ)
790 2904 856 2968 qnod
868 2904 960 2953 illnene
972 2904 1000 2966 (ε
1012 2902 1126 2965 delnrne)
1140 2929 1148 2939 ·
1162 2904 1344 2967 inflammatnrn

139 2984 182 3047 (ut
195 2998 243 3046 οκς
262 2999 298 3035 ΔΒ
315 2987 442 3052 inflatum)
456 2993 499 3038 etc
517 2996 548 3037 ut
560 3001 646 3049 enom
664 3005 682 3040 1>
695 3006 757 3040 vero
771 2993 846 3039 Anno
858 2991 971 3054 sequenti
983 2989 1100 3039 Heroden
1116 2989 1217 3038 rediens
1233 3006 1250 3037 a
1263 2990 1346 3038 Roma

138 3088 194 3121 enm
204 3073 303 3122 videret
316 3075 377 3137 qnia
390 3079 432 3124 ete
448 3071 451 3139 Ι
466 3076 535 3124 viae:
552 3088 569 3122 Β
580 3075 633 3124 edd
645 3081 671 3124 et
682 3077 791 3142 confines
802 3077 875 3139 regni
887 3077 927 3124 eni
940 3074 944 3140 Ι
959 3092 1015 3139 cap.
1029 3075 1059 3137 (ι)
1072 3074 1199 3139 arripere)
1211 3091 1254 3124 eor
1266 3079 1293 3123 et
1307 3076 1346 3123 in·

138 3156 220 3222 terfie.
237 3162 268 3206 ut
286 3170 374 3216 Arent
392 3172 410 3208 Β
422 3175 463 3208 om
481 3164 507 3208 et
518 3161 606 3225 interf.
625 3158 629 3224 Ι
649 3162 760 3211 invenire
776 3178 825 3211 non
835 3163 942 3226 potuine.
961 3162 989 3223 (ιι
998 3161 1095 3225 poreet)
1112 3167 1143 3209 ut
1154 3172 1222 3220 ουις
1240 3173 1277 3210 n
1295 3178 1347 3210 non

138 3243 264 3292 inveniret
281 3248 310 3293 et
327 3249 446 3309 pergunt
458 3246 538 3294 denno
550 3247 620 3295 misit
637 3244 641 3311 Ι
661 3247 687 3295 in
700 3247 727 3309 (c
740 3248 786 3309 aet)
799 3248 885 3296 Betiti.
898 3262 957 3296 cum
970 3259 1017 3305 clu
1035 3260 1071 3295 ΑΒ
1084 3246 1136 3295 edd
1149 3251 1175 3295 et
1186 3247 1348 3312 emnerjtnee

138 3325 167 3389 (r
180 3329 300 3395 confines)
312 3332 379 3387 eine,
398 3331 462 3380 item
477 3344 495 3381 ι)
512 3336 537 3379 et
553 3332 580 3380 in
592 3333 806 3398 omniinefiniinr
817 3334 872 3381 eiiii
890 3330 893 3396 Ι
912 3337 937 3382 et
949 3348 1000 3381 ore.
1013 3348 1097 3382 omnes
1108 3331 1135 3393 (c
1148 3348 1212 3381 ornn.
1224 3332 1290 3395 oee.)
1307 3333 1346 3382 in·

129 3416 204 3479 sant.
223 3421 253 3463 ut
266 3427 313 3474 οιις
332 3428 368 3463 ιιι
381 3420 406 3464 et
417 3416 497 3465 occid.
510 3432 574 3465 omn.
584 3433 679 3481 pneroe
691 3434 753 3481 quoe
764 3419 871 3475 invenit,
890 3430 908 3466 1)
926 3422 952 3466 et
963 3435 1015 3467 ore.
1028 3434 1091 3467 omn.
1101 3433 1197 3481 pueros
1209 3419 1253 3481 qni
1269 3424 1347 3469 erm

138 3501 165 3548 in
177 3501 215 3550 eie

207 3587 231 3635 2.
250 3599 269 3635 n
287 3585 344 3634 Una
356 3592 439 3636 autern
451 3589 493 3637 die
505 3593 639 3652 antequem
651 3590 763 3654 iocfier.
779 3588 782 3654 Ι
797 3592 879 3639 adino.
892 3594 930 3639 eet
939 3591 978 3639 Io.
991 3591 1018 3638 in
1030 3606 1106 3640 eonnn.
1120 3588 1147 3650 (o
1160 3605 1202 3638 om
1215 3591 1242 3638 in
1255 3589 1346 3653 eornn.)

138 3694 148 3706 ·
160 3670 204 3718 ilii
216 3669 245 3731 (Α
259 3670 294 3730 ei)
306 3678 337 3720 ut
350 3683 419 3731 rom
438 3687 454 3722 Β
466 3675 535 3723 venit
546 3674 653 3737 anqelnn
663 3675 758 3724 clentini
769 3676 796 3723 in
809 3676 902 3725 eomnie
914 3677 948 3725 ad
960 3676 1000 3725 Io.
1013 3680 1039 3725 et
1050 3677 1181 3725 admonuit
1191 3691 1247 3725 enni
1258 3676 1348 3726 dicens

140 3751 144 3820 Ι
156 3771 236 3819 perye
248 3754 296 3819 (cn
315 3757 368 3806 add
386 3762 412 3807 et
423 3759 498 3822 vade)
510 3760 537 3807 in
550 3761 691 3825 Egyptian:
708 3775 724 3810 r
742 3761 795 3811 edd
809 3762 864 3810 Ber
876 3762 941 3811 enirn
953 3763 1071 3811 Heroden
1082 3763 1166 3826 querit
1179 3761 1295 3812 occidere
1307 3762 1347 3810 in·

130 3841 242 3904 sanun.
257 3843 261 3906 Ι
276 3841 314 3891 Ιο.
328 3859 387 3892 vero
400 3843 428 3906 (r
441 3845 536 3908 antem)
549 3847 607 3895 -irit
622 3852 654 3896 ut
666 3861 718 3907 Διις
731 3858 746 3897 c
760 3862 816 3906 om;
834 3848 976 3910 rSrnyene
993 3853 1075 3896 autern
1091 3863 1109 3894 α
1120 3862 1204 3896 nonno
1216 3846 1258 3896 Io.
1275 3860 1347 3895 acee-

137 3927 179 3990 pit
191 3927 306 3977 Mariam
323 3933 349 3977 et
361 3945 468 3992 prennn
485 3935 511 3980 et
522 3931 648 3995 peryebnt
663 3934 690 3981 in
707 3933 757 3996 By.
775 3930 779 3998 Ι
800 3947 817 3980 rr
831 3947 893 3981 vero
906 3933 976 3981 hene
989 3935 1093 3995 partem
1111 3932 1149 3980 sic
1168 3931 1267 3982 hebeti
1293 3931 1348 3981 Sed

138 4011 201 4061 dene
212 4013 376 4077 omnipoteni,
390 4015 433 4078 qni
445 4016 494 4064 ecit
505 4017 589 4064 omnia
601 4017 820 4082 anteqnarnfiant,
833 4018 970 4066 amnionnit
979 4033 1029 4080 per
1040 4015 1157 4080 anqeinrn
1168 4031 1240 4065 mnne
1252 4016 1348 4081 Ioeepi

138 4098 165 4145 in
177 4099 269 4147 torneie
280 4099 379 4147 rtieenr:
404 4098 487 4163 Snrye
499 4105 525 4149 et
536 4100 599 4150 tolle
607 4117 715 4166 puerum
726 4106 752 4150 et
762 4106 868 4151 matrem
880 4103 934 4150 eine
946 4106 971 4150 et
975 4103 1043 4165 snye
1054 4103 1081 4150 in
1093 4101 1230 4165 Eqiptnnr,
1249 4106 1276 4151 et
1292 4106 1347 4152 erto

139 4182 263 4246 itinerque
276 4201 324 4248 qno
336 4185 420 4233 diram
437 4185 496 4242 tebt-
505 4187 627 4251 suturnrn
643 4191 681 4236 ert
698 4187 762 4235 enim
778 4191 807 4235 nt
819 4186 937 4236 Heroden
949 4191 1058 4250 quaerat
1065 4203 1173 4251 puerum
1190 4189 1225 4236 ad
1234 4188 1347 4252 perden-

138 4268 204 4316 dnm.
225 4268 294 4318 stne
303 4269 395 4335 Ioseph
407 4272 526 4335 impoenit
534 4272 633 4321 beatam
641 4274 763 4336 niryinern
773 4288 827 4320 enm
832 4287 914 4336 puero
923 4289 1000 4337 snper
1012 4275 1154 4330 iumentum,
1167 4277 1193 4322 et
1204 4274 1260 4337 ipre
1269 4289 1348 4338 snper

138 4352 212 4400 alind
224 4356 347 4413 recendit,
364 4361 389 4405 et
401 4358 515 4422 arripnit
526 4360 577 4409 iter
585 4376 635 4423 per
646 4363 766 4409 montana
778 4363 804 4408 et
811 4375 862 4424 per
874 4361 1008 4418 drentem,
1025 4363 1055 4408 nt
1066 4361 1094 4408 in
1105 4360 1228 4423 Eyiptnm
1241 4376 1349 4410 seeum

136 4440 294 4502 perveniretr
306 4456 356 4491 non
367 4442 432 4492 enirn
440 4459 491 4507 per
502 4445 656 4493 maritimam
666 4449 774 4509 propter
785 4444 895 4493 insidiae
903 4459 1012 4509 pergere
1023 4443 1165 4495 nunant.
