3000 4912
148 273 195 337 64
367 273 699 325 renero-mmmm
718 274 960 325 EVANGELIUM.
988 275 1061 326 CAP.
1079 275 1140 326 vn.

155 425 283 490 cotidie
301 423 344 489 ad
361 425 506 489 meliora
522 423 738 507 proficiebat.
766 425 778 458 ⁸
795 423 898 489 Hanc
915 446 1015 490 nemo
1032 427 1240 491 irascentem
1255 426 1353 508 vidit,

154 527 243 592 hanc
272 529 538 594 maledicentem
569 548 747 609 nunquam
778 527 872 592 ullus
903 528 1044 593 audivit.
1091 527 1212 594 Omnis
1238 537 1355 595 autern

154 652 265 696 sermo
283 632 358 697 eius
380 633 429 695 ita
446 636 521 694 erat
537 630 650 712 gratia
664 630 806 712 plenus,
830 637 869 695 ut
886 638 1157 714 cognosceretur
1180 632 1216 695 in
1232 631 1355 715 lingua

154 736 230 798 eius
242 754 318 799 esse
330 733 427 799 deus.
453 731 598 824 Semper
612 733 649 795 in
663 733 820 797 oratione
831 733 886 797 vel
897 735 1111 799 scrutatione
1123 733 1211 817 legis
1222 754 1355 817 perma-

154 837 273 917 nebat,
297 844 332 900 et
354 842 429 901 erat
445 835 599 900 sollicita
615 836 708 900 circa
725 836 838 901 socias
856 858 951 917 suas,
975 858 1017 902 ne
1040 836 1159 920 aliqua
1175 858 1216 901 ex
1233 837 1284 903 eis
1300 836 1355 903 vel

153 941 189 1004 in
209 961 278 1005 uno
297 959 455 1005 sermone
472 943 649 1021 peccaret,
672 958 736 1002 nec
757 938 876 1022 aliqua
896 941 932 1004 in
950 941 1022 1005 risu
1044 940 1214 1005 exaltaret
1230 961 1354 1006 sonum

154 1064 254 1108 suum
270 1063 335 1107 nec
351 1042 470 1125 aliqua
486 1041 521 1104 in
540 1041 679 1104 iniuriis
701 1041 813 1105 autin
831 1041 997 1124 superbia
1013 1043 1106 1107 oiroa
1121 1062 1240 1124 parem
1256 1063 1355 1107 suam

156 1149 332 1211 existeret.
365 1142 448 1210 Sine
470 1143 730 1208 intermissione
752 1143 986 1209 benedicebat
1003 1143 1120 1223 deum;
1144 1150 1179 1207 et
1199 1166 1241 1209 ne
1263 1144 1353 1209 forte

153 1248 205 1313 vel
227 1250 262 1311 in
283 1247 495 1312 salutatione
520 1266 583 1310 sua
604 1243 803 1310 alaudibus
821 1246 878 1310 dei
901 1246 1102 1328 tolleretur,
1129 1247 1254 1328 siquis
1278 1267 1355 1310 eam

155 1351 345 1431 salutabat,
368 1349 430 1413 illa
450 1369 512 1432 pro
531 1346 742 1427 salutatione
759 1351 947 1435 deogratias
962 1348 1208 1432 respondebat.
1245 1348 1355 1413 Deni-

155 1474 220 1537 que
232 1453 381 1535 primum
397 1452 440 1516 ab
458 1471 499 1515 ea
515 1450 600 1515 exiit
615 1450 833 1532 uthomines‚
852 1472 928 1516 eum
940 1472 975 1516 se
989 1453 1136 1517 invicem
1147 1451 1354 1534 salutarent,

152 1560 341 1641 deogratias
362 1553 627 1636 responderent.
660 1552 799 1618 Cotidie
820 1574 901 1620 esca
922 1576 1024 1637 quam
1045 1553 1088 1619 de
1109 1575 1214 1618 manu
1235 1555 1353 1638 angeli

153 1657 349 1740 accipiebat
369 1660 446 1738 ipsa
462 1662 597 1720 tantum
614 1654 852 1737 reficiebatur;
875 1677 989 1721 escam
1007 1678 1087 1722 vero
1108 1678 1210 1739 quam
1234 1678 1254 1721 a
1270 1677 1354 1739 pon·

153 1761 306 1826 tificibus
324 1758 606 1842 consequebatur
620 1759 835 1841 pauperibus
852 1759 1039 1825 dividebat.
1072 1759 1294 1842 Frequenter
1308 1760 1355 1824 vi·

154 1864 283 1929 debant
300 1883 377 1927 cum
398 1882 439 1926 ea
459 1860 603 1944 angelos
624 1861 736 1943 loqui,
760 1869 795 1927 et
811 1864 911 1945 quasi
933 1863 1104 1927 carissimi
1127 1863 1201 1927 eius
1225 1861 1355 1928 obtem·

153 1966 324 2049 perabant
345 1964 388 2028 ei.
426 1960 563 2046 Siquis
586 1969 702 2028 autem
724 1965 766 2028 de
789 1964 1046 2029 infirmantibus
1067 1966 1243 2048 tetigisset
1267 1984 1354 2046 eam,

155 2069 268 2133 salvus
286 2066 328 2131 ad
346 2065 483 2130 domum
502 2087 599 2130 suam
616 2065 737 2131 eadem
753 2067 840 2131 hora
856 2068 1042 2131 remeabat.

154 2211 238 2217 ---
247 2209 366 2216 —..——--

221 2299 245 2344 3.
264 2294 341 2342 Hanc
357 2309 427 2342 nemo
446 2292 522 2340 irasc.
542 2290 589 2353 (ΑΒ
602 2293 679 2340 irasc.
697 2291 794 2354 nullas)
811 2292 884 2349 cidit,
901 2293 967 2340 banc
983 2291 1042 2340 mal.
1061 2308 1137 2355 nanq.
1156 2291 1225 2340 allas
1243 2291 1290 2353 (AB
1309 2309 1355 2342 nee

152 2380 256 2442 maied.)
269 2380 368 2428 audivit
380 2388 410 2426 ut
423 2390 490 2426 aaa:
511 2389 546 2427 cn
559 2377 636 2426 Hanc
647 2377 739 2425 maled.
754 2393 878 2440 nunqnam
890 2377 959 2425 altus
972 2378 1001 2437 (n
1014 2376 1099 2425 nullus
1111 2376 1230 2440 unquam)
1243 2378 1352 2436 audivit,

153 2468 218 2514 bane
229 2466 306 2513 irase.
319 2479 444 2528 rsanqram
457 2463 526 2512 allas
537 2463 588 2511 aid.
607 2461 611 2527 Ι
630 2466 728 2511 artem.-
744 2476 760 2511 n
774 2478 814 2510 ons
835 2464 838 2527 Ι
858 2464 884 2510 in
897 2462 986 2525 lingna
997 2463 1051 2510 eins
1063 2478 1115 2511 esse
1127 2463 1189 2511 dens
1200 2469 1231 2512 ut
1243 2476 1316 2522 arm
1336 2476 1352 2512 n

151 2552 250 2600 densim
263 2550 352 2614 lingna
363 2551 429 2606 eins,·
443 2561 458 2598 c
471 2551 497 2596 in
511 2548 588 2613 linga.
602 2551 656 2598 eins
666 2550 708 2598 dei
720 2550 816 2598 veritae
828 2545 832 2613 Ι
848 2554 873 2598 et
886 2549 929 2611 (nt
942 2562 1010 2607 anm
1024 2560 1059 2598 en
1072 2550 1122 2610 vel)
1135 2550 1291 2598 scrutatione
1304 2549 1352 2611 (AB

148 2636 276 2703 perscru.)
289 2662 297 2671 ·
306 2635 473 2699 permanebat
485 2634 532 2696 (ΑΒ
544 2635 686 2697 insistebat)
702 2632 705 2699 Ι
720 2639 746 2682 et
756 2639 814 2683 erat
826 2635 856 2697 (n
869 2634 1032 2696 enatantem)
1044 2634 1158 2682 sollicita
1171 2659 1180 2670 ·
1193 2650 1238 2682 nee
1250 2633 1297 2696 (cn
1309 2635 1352 2697 ne)

151 2723 241 2786 aliqua
257 2722 284 2768 in
298 2746 306 2756 ·
318 2737 364 2768 nee
376 2719 423 2782 (cn
436 2719 477 2781 ne)
491 2719 580 2783 aliqua
593 2745 601 2755 ·
615 2725 659 2769 ant
677 2718 703 2781 (c
722 2719 824 2782 addin)
842 2720 960 2782 snperbia
979 2719 1008 2781 (n
1026 2720 1150 2767 irrinriosa
1168 2724 1214 2767 ant
1229 2720 1352 2783 superba)

152 2812 183 2855 ut
195 2819 283 2864 scm
302 2819 319 2853 a
338 2809 363 2853 et
380 2804 462 2853 scilic.
475 2809 534 2852 erat
545 2821 575 2853 ne
588 2805 674 2869 aliquo
687 2821 798 2854 sermone
807 2809 928 2868 peccaret
944 2805 1014 2852 cirea
1030 2805 1126 2860 sociere,¹
1145 2806 1235 2854 deinde
1249 2805 1353 2855 timebat

151 2908 181 2940 ae
194 2891 254 2956 qnid
267 2891 294 2938 in
305 2891 360 2938 risu
372 2893 418 2938 art
425 2889 534 2953 pulcrae
546 2891 615 2939 noris
626 2906 686 2939 sono
699 2891 871 2948 eormnitteret,
884 2895 930 2939 ast
941 2890 1029 2954 aliqua
1042 2891 1138 2938 iniuria
1156 2895 1201 2938 ant
1213 2891 1332 2954 snperbia
1346 2888 1351 2956 Ι

152 2979 222 3025 eirca
236 2991 327 3039 parem
344 2991 414 3023 snam
426 2976 498 3023 erist.
511 2981 542 3024 ut
555 2989 590 3024 aa
604 2974 663 3037 (sed
677 2975 728 3024 add
741 2975 838 3037 elata).·
855 2988 890 3024 01>
903 2976 974 3023 eirca
986 2974 1016 3036 (n
1029 2976 1101 3039 erga)
1110 2981 1213 3040 patrem
1224 2993 1294 3025 suum
1307 2982 1354 3025 ant

153 3061 182 3124 (n
195 3066 221 3111 et
232 3061 270 3123 in)
287 3064 392 3110 matrem
405 3062 531 3109 existeret.
557 3060 615 3110 Hoc
635 3063 694 3109 loco
708 3063 736 3110 in
754 3074 773 3109 n
791 3076 859 3124 quse
872 3060 1038 3124 praecedunt
1056 3065 1227 3124 repetuntur,
1245 3077 1275 3110 ae
1294 3063 1351 3112 fere

153 3151 181 3197 in
193 3146 299 3197 modam
313 3161 365 3210 quo
380 3160 396 3193 a
410 3144 500 3194 habet.
530 3145 686 3195 Praemissis
700 3147 769 3196 enim
783 3146 871 3196 serbis
883 3147 937 3194 sine
950 3147 1132 3195 intermissione
1144 3147 1269 3195 dominam
1281 3147 1351 3197 bene·

151 3235 248 3289 dicere,
268 3235 293 3280 et
305 3235 390 3280 cetera
402 3231 530 3295 scriptum
544 3230 582 3280 ibi
596 3231 633 3280 sic
648 3237 702 3281 est:
727 3233 799 3280 Erat
810 3236 893 3280 antem
904 3230 1018 3280 redimita
1030 3247 1061 3279 ne
1073 3232 1159 3296 aliquo
1172 3249 1283 3281 sermone
1292 3249 1351 3297 pee-

151 3324 223 3369 caret
235 3319 305 3367 eirca
317 3318 400 3367 socias
411 3334 479 3374 snas,
492 3321 517 3364 et
527 3317 629 3365 timebat
640 3333 671 3364 ne
684 3319 744 3381 qaid
756 3318 810 3366 risa
822 3317 863 3366 aei
875 3333 934 3366 sono
947 3319 1014 3366 nocis
1024 3319 1202 3374 committeret·
1218 3319 1309 3367 deinde
1320 3335 1351 3368 ne

150 3406 241 3469 aliqua
256 3404 383 3455 sociarum
400 3403 454 3451 eins
471 3404 497 3450 in
516 3403 612 3451 iniuria
631 3408 677 3452 ant
695 3405 814 3468 snperbia
831 3407 921 3453 contra
936 3407 1058 3467 parentes
1070 3420 1128 3452 snos
1139 3403 1211 3452 elata
1223 3406 1350 3454 existeret.

151 3489 208 3539 Ism
221 3489 357 3553 sequitur:
376 3488 437 3537 Sine
448 3489 583 3537 intermine.
597 3488 756 3538 benedicebat
767 3490 847 3539 deam.
864 3487 869 3554 Ι
882 3489 965 3537 bened.
978 3489 1064 3537 dennis:
1076 3503 1094 3538 a
1106 3491 1231 3539 dominnm
1244 3490 1328 3539 bened.
1344 3490 1348 3555 Ι

150 3575 191 3625 vet
202 3576 229 3623 in
241 3574 290 3624 sai.
302 3591 349 3623 saa
361 3579 449 3632 utam
464 3585 479 3622 c
493 3589 534 3622 om
547 3574 587 3623 aet
600 3576 634 3632 in,
646 3589 665 3624 n
679 3577 704 3622 in
716 3575 793 3624 saint.
806 3591 854 3623 sna
866 3574 905 3623 cei
917 3575 1022 3638 aliqaal
1039 3591 1055 3622 a
1068 3575 1138 3624 land.
1151 3576 1193 3624 dei
1204 3582 1235 3625 ut
1248 3588 1349 3636 scm}

150 3679 168 3709 a
181 3661 252 3710 laad.
264 3661 359 3710 domim
375 3657 378 3725 Ι
399 3660 534 3709 tolleretur
551 3667 581 3709 ut
594 3673 647 3710 cnr
666 3677 672 3719 ;
692 3676 709 3708 a
723 3664 834 3709 cessaret
852 3657 856 3724 Ι
876 3662 1009 3710 salutabat
1025 3666 1056 3709 nt
1074 3671 1125 3721 ους
1142 3662 1312 3720 Esalataret,
1332 3675 1348 3711 a

149 3747 266 3796 salutare
285 3746 384 3795 valebat
403 3744 407 3811 Ι
423 3762 473 3810 pro
486 3746 563 3795 saint.
582 3752 612 3795 nt
625 3759 675 3804 ης
695 3758 730 3794 cn
749 3746 802 3794 add
820 3762 867 3795 sna
881 3746 883 3810 Ι
898 3746 1028 3811 Deniqaer
1046 3762 1063 3795 a
1081 3747 1153 3808 Quod
1167 3746 1170 3812 Ι
1185 3754 1213 3797 at
1226 3748 1255 3810 (Δ
1272 3748 1349 3812 qaod)

149 3833 260 3881 domines
278 3857 287 3867 ·
304 3832 486 3896 responderent
503 3837 534 3880 nt
552 3846 605 3891 ως
624 3843 656 3880 cr
673 3836 702 3880 at
719 3848 773 3880 cuin
791 3832 933 3899 resalutant
950 3832 977 3894 (n
994 3833 1051 3881 darn
1066 3833 1222 3889 resalutant)
1240 3837 1350 3884 domines

150 3918 234 3966 saneti
250 3917 414 3980 deogratias
430 3918 519 3966 dicant
538 3918 541 3981 Ι
564 3917 660 3967 Cotidie
677 3917 704 3979 (n
726 3916 890 3979 addentem)
910 3943 919 3954 ·
937 3919 1100 3982 reficiebatur
1120 3924 1151 3967 ut
1169 3931 1217 3978 cn3
1243 3934 1260 3967 a
1280 3920 1350 3969 Esca

150 4018 225 4068 qnam
243 4003 335 4051 cotidie
354 4029 362 4038 -
379 4019 405 4050 se
421 4003 564 4068 reficiebat·
588 4017 607 4052 n
623 4003 693 4051 Esca
714 4019 772 4052 vero
791 4020 864 4067 qaam
882 4028 890 4039 ·
910 4005 1018 4053 cottidie
1036 4005 1190 4068 accipiebat,
1212 4007 1293 4069 ipsam
1310 4023 1349 4054 re·

135 4088 252 4153 ¹finiebat
265 4087 268 4151 Ι
280 4088 444 4152 pontificibus
460 4094 490 4137 at
504 4102 556 4147 Δυς
576 4100 608 4137 cn
621 4088 675 4138 edd
691 4088 779 4152 tempii
792 4086 795 4153 Ι
810 4105 891 4137 eseam
903 4106 961 4138 cera
975 4098 1031 4139 ete:
1051 4103 1069 4138 1>
1087 4090 1153 4138 iliad
1166 4095 1249 4139 autem
1261 4091 1348 4154 praed·

146 4190 227 4238 paup.
246 4174 375 4237 erogabat.
397 4171 400 4236 Ι
416 4174 535 4223 ridebant
551 4183 594 4224 etc
612 4179 686 4233 ut1r;
706 4187 740 4223 nc
759 4175 909 4224 uidebantur
927 4200 935 4211 ·
955 4175 1040 4239 angeli
1057 4176 1099 4223 dei
1117 4175 1143 4237 (c
1157 4176 1210 4237 om)
1229 4176 1312 4239 bqni,
1329 4189 1348 4226 n

149 4349 176 4394 et
186 4345 377 4410 diligentissime
397 4344 401 4411 Ι
421 4346 625 4410 obtemperabant
638 4355 668 4395 nt
677 4359 743 4395 aer:
764 4361 782 4396 n
798 4348 972 4411 obtemperans
986 4348 989 4411 Ι
1004 4353 1100 4396 autem.-
1117 4361 1213 4407 noero,
1227 4363 1243 4398 Δ
1258 4364 1301 4399 om
1314 4347 1319 4416 Ι
1333 4361 1349 4399 lt

149 4447 180 4481 en
192 4430 300 4497 infirmis
311 4429 314 4495 Ι
327 4432 456 4482 remeabat
467 4440 498 4482 nt
510 4446 563 4490 sm
581 4443 614 4480 cr
626 4432 801 4481 revertebatur
813 4432 841 4495 (n
853 4433 940 4482 salvas
951 4434 982 4482 ab
995 4450 1024 4482 ea
1036 4434 1123 4483 eadem
1134 4436 1198 4484 bera
1210 4436 1315 4497 repert.)
