2962 4912
135 303 199 363 434
508 299 678 350 emenoni
699 300 819 354 norru
838 303 966 354 rrnssl.

137 454 301 532 muissem,
324 450 464 515 fortasse
487 449 595 514 adhue
618 451 711 516 nobis
734 453 784 516 vir
805 453 862 517 ille
885 453 1025 517 viveret:
1049 451 1112 516 etsi
1136 457 1215 514 tuae
1238 453 1335 533 magis

137 556 308 640 dignitatis
339 554 402 620 fide
437 556 626 638 compulsus
654 578 752 638 quam
782 558 951 621 voluntate
982 577 1056 621 mea
1088 554 1253 619 adductus
1280 576 1334 637 pro

136 660 261 724 viribus
290 680 354 723 non
383 658 577 739 restiterim,
609 661 802 742 sanguinem
832 662 954 724 iustum
984 659 1086 723 totius
1115 658 1335 723 accusationis

136 763 323 842 immunem,
346 781 457 825 verum
473 761 641 826 hominnm
662 762 871 843 malignitate
893 763 1016 844 inique,
1037 763 1072 824 in
1094 781 1211 824 eorum
1232 766 1336 825 tamen

138 874 174 930 ut
197 866 379 949 scripturae
402 867 663 948 interpretantur
686 867 835 946 exitium,
859 864 1041 930 venundari
1066 870 1100 928 et
1123 864 1203 946 pati.
1248 863 1335 930 Vale.

139 969 179 1035 V.
202 968 280 1034 Kal.
303 968 442 1050 Aprilis.

137 1210 179 1244 om
198 1210 278 1258 prope
294 1200 298 1249 Ι
313 1196 454 1244 manantis
474 1228 501 1240 ..
522 1194 583 1244 Flos
602 1195 699 1244 vitiosa
722 1198 852 1253 aestuant,
878 1196 975 1244 omisso
994 1195 1093 1244 exoriri
1117 1198 1122 1251 Ι
1145 1193 1218 1242 nobis
1235 1193 1275 1241 vir
1292 1193 1334 1241 ille

137 1282 212 1343 (Flos
230 1281 275 1330 ille
295 1282 345 1344 nir)
366 1317 398 1330 ..
421 1282 489 1331 Bodl
508 1283 548 1329 vir
566 1281 612 1329 ille
628 1282 684 1331 nob.
709 1279 713 1341 1
739 1286 898 1330 tamencum
918 1280 985 1330 Bodl
1006 1279 1090 1330 Chasa
1111 1315 1118 1329 .
1140 1316 1145 1327 .
1168 1280 1230 1329 mor
1246 1281 1334 1344 samos

138 1366 214 1426 (hinc
238 1365 307 1414 l'abr
330 1366 435 1414 exitium
458 1381 516 1414 cum
536 1367 596 1428 pati
620 1365 786 1429 coniungit.
806 1402 812 1414 .
831 1364 889 1414 Van
914 1381 956 1413 om
985 1363 990 1425 1
1018 1365 1124 1413 amend.
1148 1368 1173 1411 et
1197 1366 1258 1425 pali
1280 1379 1334 1412 cunr

139 1448 206 1496 llndl
227 1484 233 1496 .
250 1484 256 1496 .
279 1449 339 1497 Flos·
359 1450 415 1498 Van
429 1450 490 1512 pati
507 1453 532 1497 et
549 1450 654 1499 veum.
670 1447 674 1509 l
695 1448 724 1498 1⁷.
738 1449 798 1497 Kal.
811 1451 879 1514 Apr.
894 1465 952 1497 cunr
967 1448 1023 1497 Van
1039 1448 1108 1497 Bodl
1129 1484 1135 1496 .
1152 1483 1158 1496 .
1181 1448 1242 1496 l'lor
1254 1446 1332 1498 cnm

141 1532 241 1593 Quarto
263 1533 352 1582 Nonae
372 1533 483 1595 Aprilis.
