2962 4912
274 311 509 364 aversanum
528 313 928 366 111111111111111111.
955 315 987 364 v.
1006 290 1151 366 1111.Δ
1243 315 1304 378 183

113 468 264 544 vidisset,
291 463 421 546 gratias
444 462 509 529 deo
538 465 611 548 egit
632 463 767 530 dicens:
801 463 944 531 Gratias
965 464 1032 531 tibi
1058 487 1138 550 ago,
1165 486 1184 530 o
1208 465 1304 547 deus,

104 573 196 642 deus
210 566 367 648 Israelis,
390 574 579 650 propterea
595 569 688 651 quod
706 567 871 633 viderunt
893 567 986 634 oculi
1002 569 1070 633 mei
1088 569 1307 634 nativitatem

97 668 287 745 salvatoris
303 668 436 733 mundi.

612 838 732 906 Cnrur
756 825 798 908 V.

190 1009 346 1093 Cumque
364 1010 504 1076 adesset
514 1017 651 1095 tempus
664 1011 951 1095 circumcisionis,
970 1012 1045 1078 dies
1057 1014 1194 1079 scilicet
1210 1019 1303 1079 oote-

74 1140 178 1197 vuS,
199 1112 340 1196 puellus
363 1113 502 1197 exlege
526 1112 830 1179 circumcidendus
853 1120 937 1178 erat.
977 1114 1102 1199 Itaque
1126 1117 1305 1182 circumci-

72 1222 232 1290 derunt
250 1215 404 1280 illumin
422 1216 605 1299 spelunca;
629 1217 823 1300 sumsitque
841 1237 928 1281 anus
945 1215 1008 1281 illa
1022 1216 1188 1284 Hebraea
1203 1219 1304 1301 pelli-

66 1323 214 1394 culam
231 1319 349 1400 istam,
374 1319 496 1384 dicunt
510 1341 590 1385 vcro
607 1321 668 1386 alii
686 1342 760 1386 eam
781 1321 947 1385 sumsisse
965 1341 1107 1385 nervum
1123 1321 1303 1387 umbilica-

65 1446 181 1504 rem,
201 1442 348 1504 eamque
365 1422 401 1486 in
419 1423 574 1506 ampulla
589 1423 659 1488 olei
675 1423 815 1487 nardini
831 1424 960 1488 vetusti
976 1423 1184 1489 recondidit.
1215 1424 1303 1489 Erat

62 1534 216 1601 autem
234 1524 288 1590 illi
305 1524 399 1589 filius
419 1526 657 1609 seplasiarius‚
683 1528 739 1591 cui
756 1525 898 1591 tradens
915 1526 1022 1608 illam,
1052 1525 1153 1608 (1111,
1175 1528 1302 1610 inquit,

60 1627 228 1702 vendas
259 1627 350 1694 hanc
382 1629 569 1712 ampullam
600 1631 771 1713 unguenti
799 1628 954 1711 nardini,
990 1629 1125 1694 etiamsi
1150 1631 1300 1695 trecenti

62 1731 239 1808 denarii
254 1753 317 1814 pro
335 1731 398 1796 illa
413 1731 479 1797 tibi
496 1731 714 1797 offerrentur.
745 1730 866 1816 Atque
883 1732 970 1798 haec
990 1738 1044 1798 est
1065 1732 1219 1816 ampulla
1240 1733 1303 1798 illa

63 1855 204 1930 quam
214 1833 330 1900 Maria
346 1834 524 1917 peccatrix
541 1836 633 1917 emit,
653 1840 687 1901 11
703 1836 856 1918 incapnt
873 1841 908 1900 ct
923 1835 1031 1919 pedes
1043 1835 1174 1900 domini
1192 1836 1302 1901 nostri

64 1949 183 2015 Iesu
203 1935 337 2002 Christi
355 1935 492 2019 effudit,
515 1959 602 2020 quos
620 1936 747 2002 deinde
765 1937 892 2021 capillo
912 1939 1036 2021 capitis
1054 1939 1109 2003 sui
1125 1937 1302 2004 abstersit.

66 2051 234 2118 Decem
251 2039 376 2105 diebus
392 2046 474 2123 post
489 2039 769 2124 Hierosolymam
787 2062 864 2106 eum
882 2041 1149 2124 transtulerunt,
1171 2048 1206 2107 et
1222 2063 1305 2126 qua·

69 2142 298 2228 dragesimo
321 2163 342 2208 1
364 2143 545 2208 nativitate
569 2143 625 2208 die
642 2143 771 2226 templo
794 2143 931 2209 illatum
955 2166 1069 2211 coram
1087 2145 1226 2209 domino
1244 2145 1305 2210 sti·

70 2251 221 2323 terunt
237 2252 272 2311 et
287 2266 350 2329 pro
368 2267 408 2311 eo
427 2246 600 2311 sacrificia
615 2247 790 2328 fecerunt;
814 2247 907 2331 quod
929 2248 967 2312 in
983 2247 1060 2331 lege
1076 2247 1189 2313 Mosis
1206 2268 1304 2330 prae-

74 2351 269 2432 scriptum
288 2354 353 2429 est,
372 2348 523 2415 scilicet:
555 2347 677 2416 Omnis
694 2369 766 2414 mas
783 2349 990 2432 adaperiens
1007 2350 1141 2415 vulvam
1158 2356 1301 2416 sauctus

78 2455 158 2524 dei
178 2450 366 2517 vocabitur.

596 2621 717 2688 Onuur
740 2622 802 2690 VI.

188 2793 272 2858 Tum
288 2792 376 2858 vidit
396 2793 496 2857 illum
513 2791 655 2859 Simeon
678 2815 784 2859 senex
805 2794 917 2858 instar
933 2791 1114 2857 columnae
1135 2793 1225 2858 lucis
1249 2815 1303 2860 re·

95 2897 310 2979 fulgentem,
335 2917 413 2961 cum
432 2896 573 2960 domina
588 2894 703 2960 Maria
721 2896 818 2979 virgo
841 2899 952 2959 mater
974 2895 1049 2959 eins
1072 2893 1114 2960 de
1138 2896 1303 2962 1111111-

95 2999 221 3065 11111
236 2999 331 3063 ulnis
348 3000 421 3063 suis
440 3019 518 3062 eum
535 3003 703 3081 gestaret3
727 2996 990 3063 circumdabant
1009 3003 1126 3062 autem
1142 3019 1220 3063 eum
1243 3021 1303 3064 an·

90 3101 169 3183 geli
185 3102 299 3167 instar
314 3101 437 3166 circuli
455 3100 684 3183 celebrantes,
701 3106 867 3185 tanquam
884 3099 1055 3165 satellites
1072 3101 1146 3184 regi
1163 3101 1303 3167 adstan-

89 3209 161 3267 tes.
203 3203 346 3271 Simeon
362 3204 476 3286 'igitur
496 3224 643 3288 propere
666 3203 710 3268 ad
732 3202 906 3269 dominam
926 3202 1075 3268 Mariam
1095 3205 1246 3270 accessit
1267 3212 1316 3271 et¹

85 3307 259 3374 manibus
281 3312 362 3372 ante
384 3306 481 3371 illam
501 3307 656 3372 extensis
679 3305 768 3371 dixit
790 3304 929 3370 domino
951 3305 1105 3372 Christo:
1135 3305 1256 3389 Nunc,
1280 3328 1300 3375 o

81 3403 238 3475 domine
255 3411 319 3493 mi,
343 3429 479 3474 servum
495 3414 594 3473 tuum
611 3409 647 3473 in
664 3429 749 3492 pace
768 3408 920 3488 dimitte,
944 3407 1136 3473 secundum
1153 3428 1300 3492 eaquae

79 3503 234 3578 dixisti:
256 3533 336 3577 nam
351 3511 515 3576 viderunt
537 3511 631 3576 oculi
654 3513 722 3576 mei
744 3510 965 3577 clementiam
983 3516 1094 3592 tuam,
1118 3532 1221 3595 quam
1242 3533 1302 3595 pa·

76 3615 187 3679 rasti
202 3613 245 3680 ad
262 3614 412 3678 salutem
429 3612 581 3678 omnium
592 3612 812 3696 populorum,
828 3612 943 3678 lucem
959 3612 1120 3678 omnibus
1135 3613 1300 3697 gentibus

74 3715 117 3774 et
136 3716 297 3798 gloriam
313 3716 410 3800 genti
426 3722 507 3780 tuae
524 3714 661 3793 Israeli.
691 3715 822 3780 Henna
839 3735 979 3798 quoque
999 3715 1224 3798 prophetissa
1246 3717 1299 3783 illi

74 3811 364 3905 [caerimoniae]
388 3819 564 3900 interfuit,
591 3825 626 3884 et
650 3819 801 3884 accessit
822 3817 887 3883 deo
911 3818 1040 3901 gratias
1064 3838 1171 3902 agens
1193 3819 1301 3887 domi·

72 3933 247 4008 namque
264 3923 414 3988 Mariam
430 3921 569 3988 felicem
585 3921 804 4005 praedicans.

587 4140 706 4208 Garun
729 4141 814 4208 VII.

187 4317 232 4384 Et
247 4317 379 4384 sactum
396 4323 449 4380 est
465 4337 542 4381 cum
558 4319 661 4380 natus
679 4319 774 4379 esset
789 4313 950 4378 dominus
965 4312 1067 4379 Iesus
1077 4312 1301 4382 Bethlehemi

80 4410 264 4504 Iudaeae,
281 4428 436 4504 tempore
447 4417 603 4484 Herodis
613 4418 717 4503 regis,
735 4417 1099 4501 eccemagivenerunt
1113 4419 1300 4486 exoriente
