2962 4912
427 331 593 383 moroan
614 331 766 381 masam.
795 331 867 382 car.
888 332 995 383 xxxn.
1249 333 1309 396 139

146 487 279 580 quattuor
302 482 493 548 interficiet
517 488 678 565 corpora,
709 502 899 566 eorumque
925 482 1082 548 effundet
1105 484 1310 567 sanguinem

144 606 280 680 aquarum
300 584 336 649 in
353 584 507 667 modum,
530 589 674 668 propter
692 585 918 668 opprobrium
935 586 991 650 eni
1017 606 1096 650 eum
1118 586 1310 669 exposituri

143 699 215 772 flunt,
237 694 271 754 et
294 689 613 772 ignominiamque
637 687 777 753 detecta
800 689 912 772 ipsius
937 690 1117 773 impietate
1143 711 1221 756 eum
1244 682 1311 754 vivi

141 794 294 872 potabunt.

555 996 676 1064 Ornos
698 996 864 1062 XXXII.

200 1171 243 1236 Et
263 1170 429 1236 diximus:
462 1167 491 1235 Ο
515 1169 653 1235 domine
677 1174 811 1251 noster,
840 1168 927 1235 deus
949 1175 984 1235 et
1006 1177 1160 1236 servator
1181 1175 1310 1253 noster,

88 1320 90 1329 ·
138 1280 253 1370 quinam
273 1280 357 1339 sunt
377 1273 432 1338 illi
454 1278 632 1357 quattuor,
663 1293 750 1356 qnos
773 1272 893 1338 dixisti
918 1272 1069 1339 emedio
1092 1274 1310 1339 sublaturum

88 1402 91 1451 :
138 1402 195 1455 esse
207 1376 463 1443 Antichristum
479 1377 522 1442 ob
541 1376 845 1460 exprobrationem
863 1373 1004 1441 eorum?
1028 1377 1227 1460 Respondit
1242 1397 1311 1443 ser-

137 1495 221 1557 vator:
249 1480 311 1545 Illi
327 1485 410 1546 sunt
424 1479 585 1562 Henoch,
606 1479 715 1563 Elias,
738 1478 857 1546 Sehila
874 1485 909 1544 et
924 1478 1084 1544 Tabitha.
1114 1479 1221 1545 Hunc
1242 1502 1311 1546 ser·
1415 1480 1417 1485 ⁴

137 1607 246 1662 monem
269 1605 348 1649 oum
373 1583 566 1649 audivimus
591 1605 612 1648 a
636 1591 808 1649 servatore
835 1589 970 1664 nostro,
1002 1584 1110 1666 gavisi
1133 1606 1250 1650 sumus
1277 1590 1312 1649 et

139 1689 355 1770 exultavimus,
377 1707 582 1771 omnemque
600 1688 746 1772 gloriam
763 1694 798 1753 et
813 1688 1003 1772 gratiarum
1023 1688 1197 1753 actionem
1214 1687 1312 1754 obtu-

138 1803 217 1866 linus
236 1791 375 1856 domino
397 1790 462 1855 deo
486 1797 520 1855 et
541 1793 710 1856 servatori
731 1796 851 1857 nostro
871 1791 954 1855 Iesu
978 1788 1130 1856 Christo.
1167 1791 1237 1856 Hie
1258 1796 1312 1856 est

139 1895 332 1970 ouidebetur
347 1894 459 1978 gloria
479 1895 590 1960 honos
607 1895 760 1980 dignitas
779 1895 969 1959 dominium
990 1896 1151 1978 potentia
1173 1900 1208 1961 et
1222 1894 1310 1976 laus,

139 2000 269 2074 simulac
284 1999 377 2082 patri
393 1998 486 2063 bono
499 2020 575 2063 oum
593 2020 632 2064 eo
651 2004 686 2063 et
702 1999 842 2081 spiritui
854 2003 974 2063 sancto
985 1998 1174 2065 vivificanti
1184 1998 1312 2065 dehine

141 2116 168 2175 et
179 2103 256 2174 omni
271 2107 427 2185 tempore
444 2102 480 2165 in
498 2101 675 2166 saeculum
693 2102 923 2183 saeculorum,
940 2123 1051 2168 amen.
