2962 4912
714 298 987 352 Pnouseousnn.

359 455 439 539 bloop
468 460 541 536 rdbp
569 452 766 536 urcudpruop
797 451 869 536 μετ’
898 447 1003 514 αὐτοῦ
1033 456 1161 537 ωεσὼμ
1190 450 1264 514 dm&
1290 445 1355 515 τοῦ
1383 450 1453 516 δώ-

360 588 471 649 ματοσ
493 564 587 627 κάτω
612 563 784 647 ἆωέθαμε·
830 568 880 627 καῖ
902 563 1017 646 ῑὸὀμτα
1040 563 1085 626 τὰ
1108 563 1202 626 ἄλλα
1224 565 1346 626 wardia
1368 568 1453 645 ἔψυ-

359 700 435 761 γομ,
459 681 509 738 καὶ
533 679 681 738 κατέστη
705 674 819 739 ὀἸΗσ.
838 675 951 759 μὸμοσ.
995 675 1060 743 Sed
1083 676 1135 740 his
1156 674 1267 758 paullo
1290 674 1454 758 propiora

358 787 470 852 latinis
492 787 593 852 habet
615 792 726 853 textus
749 808 796 870 gr.
818 787 852 851 A
872 786 978 868 VHI,
1002 790 1027 851 1.
1072 786 1177 850 Μετὰ
1201 781 1373 850 δὲταῦτα
1397 779 1454 868 pru]

358 906 431 982 τῶμ
464 897 597 984 ᾖμερῶμ
630 888 668 983 dp
703 894 881 963 b‘lucodo
911 902 1047 982 ωαίςωμ
1080 898 1140 982 σύμ
1173 898 1451 980 ἅλλοισωαισῑμ

359 1009 486 1093 ἑωάμοο
511 1011 672 1095 διστέγου
695 1016 783 1074 οἴκου
808 1017 868 1076 etc.

337 1120 451 1203 Atque
474 1120 558 1185 haec
580 1128 658 1186 sunt
681 1124 803 1204 omnia,
829 1121 910 1186 meis
933 1121 1136 1204 aliorumque
1159 1120 1247 1185 curis
1270 1140 1311 1185 ex
1332 1117 1453 1183 biblio·

251 1233 357 1298 thecis
380 1237 565 1315 protracta,
594 1254 678 1316 quae
702 1232 742 1298 de
764 1234 939 1298 veterrimo
962 1231 1107 1298 Thomae
1130 1230 1299 1315 evangelio
1322 1229 1364 1295 ad
1388 1248 1452 1294 nos

251 1349 479 1427 pervenerunt.
525 1343 620 1428 Quae
644 1345 705 1409 etsi
729 1366 794 1409 non
816 1344 932 1409 haberi
954 1350 1094 1427 possunt
1115 1343 1180 1407 nisi
1202 1364 1262 1426 pro
1284 1342 1453 1424 fragmen·

249 1456 307 1534 tis,
336 1477 478 1538 quorum
505 1460 632 1521 textum
661 1455 918 1521 describentium
946 1455 1121 1520 arbitrium
1148 1439 1190 1519 ab
1218 1451 1454 1535 antiquissima

249 1566 356 1631 forma
377 1588 437 1649 per
459 1573 511 1631 tot
534 1565 740 1631 saeculorum
764 1568 882 1631 seriem
904 1566 993 1631 haud
1016 1566 1114 1631 dubio
1139 1565 1287 1646 deduxit,
1315 1569 1349 1628 et
1372 1582 1453 1644 quo·

250 1700 324 1742 rum
347 1678 575 1761 supplementa
598 1679 632 1741 in
654 1677 790 1760 reliquis
812 1677 925 1742 latinis
948 1683 982 1742 et
1004 1676 1145 1742 arabicis
1166 1676 1330 1741 infantiae
1353 1693 1452 1738 evan·

250 1788 345 1872 geliis
367 1788 487 1868 latent,
516 1795 627 1854 tamen
649 1810 708 1871 per
731 1810 765 1854 se
789 1794 867 1853 sunt
889 1788 1048 1853 eiusmodi
1070 1788 1156 1853 uude
1179 1787 1339 1853 coniicias
1362 1804 1451 1867 quae

252 1900 343 1983 origo
367 1906 401 1964 et
423 1921 509 1983 quae
533 1901 618 1965 ratio
641 1900 852 1965 famosissimi
874 1899 963 1964 illius
985 1899 1062 1964 libri
1087 1899 1188 1964 fuisse
1210 1898 1371 1963 rideatur.
1416 1896 1452 1959 A

251 2012 413 2080 Gnostico
437 2011 569 2094 quidem
592 2012 724 2076 omnino
754 2012 960 2094 conscriptus
991 2032 1064 2076 esse
1091 2010 1228 2075 videtur.
1272 2008 1350 2073 Hoc
1382 2005 1451 2089 pri·

251 2144 340 2187 mum
368 2121 443 2187 inde
471 2122 643 2205 probabile
670 2121 708 2186 fit
736 2122 824 2204 quod
852 2122 1024 2187 docetismi
1051 2143 1198 2187 caussam
1224 2121 1378 2202 inprimis
1401 2139 1454 2183 su·

252 2235 361 2299 stiuet.
413 2233 587 2298 Miraculis
618 2234 706 2297 enim
737 2255 757 2298 a
787 2233 895 2316 prima
924 2233 1000 2297 inde
1032 2232 1175 2315 pueritia
1206 2231 1303 2296 editis
1334 2228 1452 2294 Iesum

251 2344 394 2410 divinam
426 2365 519 2409 suam
549 2346 756 2410 maiestatem
786 2344 1016 2427 comprobasse
1044 2343 1154 2423 docet,
1185 2345 1220 2407 in
1247 2364 1322 2407 eum
1344 2348 1384 2405 ut
1406 2341 1454 2405 vi·

252 2455 348 2520 detur
375 2455 474 2519 finem
503 2461 539 2519 ut
566 2454 619 2520 dei
645 2454 749 2520 filium
775 2454 936 2521 humanae
959 2461 1097 2520 naturae
1120 2475 1257 2537 prorsus
1280 2458 1453 2535 expertem

251 2566 352 2630 fuisse
374 2587 434 2632 nec
457 2566 521 2630 nisi
544 2566 688 2648 speciem
711 2567 850 2650 gessisse
872 2566 1015 2631 hominis
1038 2572 1206 2649 appareat
1244 2563 1342 2648 Quod
1357 2567 1452 2627 recte

251 2699 272 2742 a
294 2676 389 2742 nobis
411 2676 476 2742 dici
500 2676 671 2742 confirmat
693 2685 810 2743 auctor
833 2677 974 2760 catalogi
997 2676 1158 2742 librorum
1173 2675 1453 2771 Manichaeorum

250 2787 417 2853 Timothei
439 2786 799 2872 Constantinopolitani
822 2790 954 2854 nomine
977 2788 1057 2853 editi
1079 2788 1114 2852 in
1136 2809 1201 2870 quo
1224 2786 1324 2851 estol
1348 2789 1451 2870 συμέ-

251 2923 356 2983 ταζαμ
387 2902 417 2962 οῖ
445 2900 539 2964 αὐτοὶ
565 2901 733 2984 θέλομτεσ
757 2901 885 2984 δόκησιμ
907 2892 1086 2983 ὀἶωοῲῇμαι
1109 2898 1170 2982 reip
1195 2899 1362 2982 σάρκωσιμ
1389 2896 1451 2960 αὖ·

252 3005 314 3073 τοῦ
338 3015 387 3072 καὶ
411 3009 468 3074 οὐκ
491 3014 527 3095 ἐμ
552 3009 703 3093 bastela.
748 3012 795 3076 Et
816 3013 878 3076 hoc
900 3032 977 3076 vero
1000 3011 1034 3074 in
1056 3031 1175 3075 caussa
1196 3009 1296 3074 fuisse
1318 3008 1453 3074 videtur

252 3142 310 3185 cur
324 3120 514 3187 Manichaei
530 3122 698 3205 evangelio
708 3121 856 3187 Thomae
872 3128 1042 3204 tantopere
1057 3121 1316 3186 delectarentur:
1331 3120 1452 3185 fictum

252 3233 339 3297 enim
369 3254 423 3297 eos
451 3232 574 3299 Christi
606 3255 725 3317 corpus
752 3234 794 3298 ad
820 3233 1024 3298 Docetarum
1056 3232 1238 3315 exemplum
1267 3233 1452 3297 somniasse

252 3344 334 3408 satis
356 3349 494 3409 constat.
527 3345 602 3429 Qua
623 3347 658 3409 in
680 3366 715 3410 re
734 3345 861 3411 duabus
882 3346 1087 3427 potissimum
1103 3344 1142 3408 de
1160 3364 1304 3426 persona
1319 3342 1451 3409 Christi

252 3455 460 3537 opinionibus
485 3456 614 3521 saeculo
638 3457 780 3521 secundo
804 3457 885 3520 satis
907 3456 1048 3538 vulgatis
1071 3454 1274 3538 evangelium
1297 3454 1451 3519 Thomas

251 3566 502 3632 adversabatur:
531 3589 632 3650 quum
656 3569 697 3631 iis
720 3569 776 3650 qui
800 3566 968 3633 Christum
989 3588 1115 3631 merum
1137 3565 1301 3630 hominem
1324 3565 1451 3631 habue-

251 3684 342 3758 runt,
374 3683 444 3743 tum
475 3679 516 3742 iis
544 3679 602 3761 qui
630 3677 742 3743 Iesum
773 3677 949 3744 aChristo
976 3677 1214 3760 distinguentes
1246 3683 1334 3741 certo
1368 3682 1450 3742 ante

251 3788 450 3870 baptismum
473 3810 547 3853 eum
571 3810 635 3853 non
658 3789 759 3853 fuisse
782 3790 846 3853 nisi
868 3788 1032 3854 hominem
1049 3789 1286 3853 existimarunt.
1317 3787 1449 3852 Huius·

251 3899 338 3964 modi
361 3921 437 3964 vero
460 3900 627 3965 miraculis
651 3922 671 3965 a
691 3921 793 3984 puero
815 3901 957 3981 patratis
980 3899 1157 3967 Gnosticos
1178 3898 1213 3962 id
1235 3899 1343 3981 ipsum
1371 3920 1449 3982 pro·

251 4010 330 4075 bare
362 4009 518 4094 voluisse,
551 4011 677 4077 Christi
708 4017 860 4077 naturam
890 4031 955 4075 non
985 4010 1085 4074 fuisse
1116 4010 1179 4074 nisi
1210 4008 1372 4091 divinam,
1404 4010 1448 4073 iis

252 4121 425 4186 edocemur
452 4142 537 4203 quae
562 4121 727 4188 Catholici
759 4128 875 4186 contra
903 4120 1121 4203 disputarunt.
1164 4118 1220 4183 Ita
1249 4120 1348 4201 plane
1381 4119 1448 4184 huc

251 4230 393 4314 quadrat
416 4232 503 4314 quod
521 4232 721 4298 Anastasius
738 4231 869 4298 Sinaita
891 4230 1084 4297 Melitonem
1108 4229 1304 4296 Sardensem
1328 4236 1448 4296 contra

250 4341 456 4408 Marcionem
487 4344 657 4427 scripsisse
689 4344 805 4426 refert,
836 4349 869 4408 et
895 4342 1102 4408 divinitatem
1124 4342 1236 4407 Iesum
1264 4362 1357 4407 suam
1385 4362 1448 4424 per
