3000 4912
156 293 219 357 194
292 293 524 345 avencamum
543 293 735 345 lamma
754 292 944 345 absalomi.
971 293 1079 345 llllVll.
1096 293 1219 345 xxv111.

155 447 296 529 ruitque
322 443 376 508 illi
401 443 546 527 angelus
571 443 629 509 dei
655 449 691 509 et
711 443 813 508 dixit:
846 441 875 509 Ο
900 443 1067 527 Iosepbe,
1093 444 1151 509 abi
1175 443 1212 507 in
1234 442 1360 508 urbem

154 546 332 615 Nazareth
349 552 454 631 atque
471 547 520 612 ibi
537 547 701 613 subsiste.

241 650 370 716 Mirum
387 670 471 714 sane
487 651 618 732 gestari
635 651 686 714 sic
706 654 741 714 et
757 648 973 714 circumferri
989 670 1053 733 per
1071 650 1233 732 regiones
1251 649 1359 715 domi-

155 775 237 819 num
254 753 446 837 regionum.

613 937 734 1005 Garun
759 939 919 1009 XXVII.

239 1111 397 1197 Ingressi
414 1110 540 1176 deinde
558 1110 957 1176 urbemBethlehemum
971 1109 1134 1175 viderunt
1149 1111 1199 1177 ibi
1216 1111 1358 1178 morbos

153 1217 282 1282 multos
299 1221 475 1300 etgraves,
493 1213 614 1279 oculos
630 1214 805 1280 infantum
824 1214 1045 1296 infestantes,
1063 1215 1122 1298 qui
1140 1214 1358 1281 indemorie·

153 1321 292 1386 bantur.
337 1317 475 1383 Aderat
500 1317 550 1382 ibi
575 1317 702 1383 mulier
726 1323 907 1401 aegrotum
934 1316 1067 1382 habens
1093 1317 1218 1400 filium,
1252 1339 1357 1402 quem

153 1424 257 1490 morti
278 1423 345 1487 iam
367 1421 602 1505 propinquum
628 1420 672 1484 ad
694 1420 868 1485 dominam
888 1419 1007 1485 heram
1028 1419 1177 1485 Mariam
1198 1419 1357 1503 adduxit,

154 1546 244 1611 quae
279 1524 376 1589 illam
408 1525 591 1606 conspexit
620 1522 738 1589 Iesum
764 1521 942 1588 Christum
973 1523 1101 1588 lavans.
1147 1522 1235 1587 Tum
1267 1522 1359 1588 dixit

152 1627 279 1692 mulier
294 1626 369 1692 illa:
402 1623 432 1692 Ο
450 1623 591 1691 domina
606 1646 684 1691 mea
697 1625 821 1708 Maria,
844 1625 986 1709 adspice
1003 1624 1113 1690 filium
1130 1625 1223 1691 hunc
1239 1646 1356 1691 meum

154 1733 214 1814 qui
242 1729 335 1814 gravi
362 1728 482 1795 dolore
507 1728 654 1794 laborat.
708 1728 756 1793 Et
781 1728 970 1794 exaudiens
996 1728 1093 1793 illam
1118 1729 1202 1793 hera
1226 1727 1354 1812 Maria,

152 1831 258 1916 Cape,
275 1831 402 1915 inquit,
419 1831 637 1916 aliquantum
653 1832 756 1897 istius
773 1851 884 1915 aquae
902 1852 971 1914 qua
986 1830 1096 1895 filium
1112 1852 1226 1897 meum
1243 1830 1355 1915 ablui,

152 1957 262 2020 eaque
281 1935 381 2000 illum
398 1956 600 2018 consperge.
624 1932 816 2018 Accipiens
834 1956 915 2020 ergo
933 1935 996 2000 illa
1010 1933 1206 2018 paullulum
1223 1934 1266 2000 de
1283 1935 1357 2000 ista

151 2061 253 2124 aqua,
270 2044 376 2123 prout
391 2039 527 2104 dixerat
542 2039 627 2104 hera
642 2038 766 2120 Maria,
787 2037 896 2103 filium
914 2060 1014 2103 suum
1034 2059 1075 2104 ea
1089 2037 1262 2122 perfudit3
1283 2058 1356 2122 quo

154 2142 247 2208 facto
273 2141 378 2208 huius
405 2143 550 2226 agitatio
576 2142 726 2224 remisit,
758 2148 895 2207 etcum
920 2141 1116 2225 paullulum
1142 2142 1355 2224 dormiisset,

152 2244 266 2310 salvus
287 2251 412 2329 postea
431 2251 467 2310 et
487 2266 593 2311 sanus
615 2265 656 2310 ex
678 2265 799 2310 somno
822 2249 1045 2337 experrectus
1067 2251 1131 2309 est.
1171 2243 1289 2310 Mater
1310 2244 1355 2311 de

149 2347 215 2413 hoc
240 2347 396 2432 gaudens
420 2369 541 2413 rursus
568 2368 646 2413 eum
671 2347 714 2412 ad
739 2347 858 2412 heram
881 2346 1030 2412 Mariam
1055 2347 1210 2412 adduxit.
1251 2346 1354 2413 Haec

148 2469 227 2514 vero
245 2451 277 2515 ei
289 2449 389 2514 dixit:
416 2447 557 2516 Gratias
575 2470 638 2533 age
650 2448 725 2531 deo,
744 2449 838 2532 quod
854 2448 964 2514 filium
981 2448 1073 2514 hunc
1090 2455 1187 2514 tuum
1205 2451 1352 2516 sanavit.

585 2702 706 2771 (larus
729 2704 910 2774 XXVIII.

233 2875 322 2940 Erat
346 2875 476 2940 ibidem
502 2876 572 2941 alia
597 2876 736 2959 mulier,
763 2878 878 2942 vicina
903 2877 978 2940 eius
1005 2876 1104 2940 cuius
1127 2875 1221 2942 filius
1246 2877 1351 2944 modo

150 2978 382 3044 convaluerat.
406 2978 524 3044 Huius
541 2979 634 3044 filius
648 3000 725 3043 cum
742 2979 863 3044 eodem
873 2979 993 3044 morbo
1005 2978 1191 3061 laboraret,
1208 2980 1350 3064 iamque

146 3081 221 3147 fere
239 3082 417 3147 excaecati
433 3088 552 3148 essent
568 3083 643 3148 eius
660 3081 764 3164 oculi,
781 3088 903 3148 noctes
920 3087 956 3147 et
972 3082 1046 3147 dies
1064 3082 1228 3147 eiulabat.
1253 3082 1352 3149 Huic

149 3185 263 3249 sanati
279 3183 426 3250 infantis
443 3185 605 3268 genitrix,
624 3182 750 3269 Quare,
767 3185 893 3268 inquit,
911 3206 981 3251 non
993 3184 1109 3251 defers
1125 3184 1235 3250 filium
1250 3192 1351 3251 tunm

148 3287 193 3352 ad
213 3286 332 3353 heram
354 3287 519 3368 Mariam,
545 3286 650 3352 sicuti
675 3307 739 3371 ego
764 3286 875 3351 filium
899 3308 1014 3352 meum
1040 3286 1084 3351 ad
1109 3286 1205 3352 illam
1226 3287 1350 3371 detuli,

149 3411 225 3455 cum
241 3390 344 3456 morti
360 3390 579 3473 propinquus
597 3387 713 3455 esset?
734 3391 794 3474 qui
813 3388 990 3456 convaluit
1005 3409 1096 3472 aqua
1111 3389 1174 3455 illa
1191 3411 1260 3473 qua
1277 3412 1352 3456 cor·

147 3514 212 3576 pus
229 3493 312 3557 Iesu
329 3490 393 3556 filii
411 3492 486 3557 eius
504 3492 660 3558 ablutum
676 3492 802 3558 fuerat.
833 3490 930 3577 Quae
949 3513 1026 3557 cum
1043 3512 1084 3557 ex
1101 3513 1142 3557 ea
1158 3492 1352 3559 audivisset

147 3596 275 3661 mulier
289 3595 373 3675 ista,
396 3593 475 3677 ipsa
491 3616 629 3679 quoque
646 3596 744 3677 abiit,
762 3601 976 3678 acceptaque
994 3594 1116 3659 eadem
1132 3596 1350 3677 aquatilium

148 3721 248 3764 suum
273 3697 402 3779 abluit,
430 3698 529 3762 cuius
556 3697 728 3783 extemplo
754 3719 880 3782 corpus
907 3704 942 3762 et
967 3697 1060 3762 oculi
1085 3698 1349 3764 convaluerunt.

147 3801 251 3868 Hanc
276 3821 414 3886 quoque
436 3800 521 3866 hera
541 3801 670 3885 Maria,
699 3823 777 3867 cum
798 3800 909 3865 filium
932 3821 1032 3865 suum
1053 3800 1097 3864 ad
1118 3802 1230 3884 ipsam
1252 3801 1351 3868 detu-

86 3940 89 3945 ·
147 3905 250 3970 lisset
265 3904 368 3987 eique
386 3905 503 3970 omnia
520 3925 609 3988 quae
626 3910 814 3971 evenerant
829 3904 1036 3988 aperuisset,
1054 3904 1186 3986 gratias
1203 3904 1269 3971 deo
1284 3927 1348 3989 pro

147 4006 219 4071 filio
242 4007 279 4071 in
296 4006 526 4073 valitudinem
542 4009 706 4073 restituto
728 4028 831 4090 agere
855 4027 969 4091 neque
990 4008 1153 4090 cuiquam
1169 4007 1260 4075 banc
1276 4029 1349 4074 rem

147 4133 288 4204 narrare
306 4112 420 4177 iussit.

215 4355 323 4406 xxvu.
343 4357 475 4422 quosacto
488 4382 495 4393 -
507 4381 516 4394 ·
529 4358 640 4407 remisit.-
652 4357 691 4407 its
704 4358 744 4406 m.
762 4357 840 4422 Apud
851 4354 906 4406 Sik.
921 4359 949 4407 et
961 4356 1031 4406 ubil.
1044 4357 1146 4422 legitur
1158 4357 1202 4421 qai
1213 4355 1350 4406 amad

145 4443 288 4507 agitatione
300 4441 413 4492 hesaias
424 4443 451 4491 ia
462 4457 577 4506 soporem
589 4441 678 4507 lepus
689 4447 735 4492 est.
