2962 4912
139 312 265 360 mm
603 293 873 346 ruouuoousus.

140 447 262 513 saeculi
293 446 362 513 iere
384 445 463 512 XV.
512 447 565 512 Ex
593 465 616 510 n
645 445 777 528 quidem
808 445 1037 511 tantummodo
1069 445 1201 510 initium
1233 465 1338 529 usque

141 565 217 623 τοῖσ
242 558 428 644 ἑγμωκόσιμ
452 557 511 642 τὸμ
536 556 625 643 θεόμ,
649 563 683 623 et
703 558 801 624 finem
824 558 898 624 inde
922 581 942 624 a
964 556 1071 624 verbis
1095 560 1144 621 καὶ
1168 557 1339 642 ἔκθαμθοσ

140 669 331 755 γεμόμεμοσ
354 668 572 753 ὃἸωάμμΗσς
595 668 678 734 duos
692 691 770 736 vero
791 670 919 736 codices
942 668 1089 752 reliquos
1111 668 1208 752 plene
1231 672 1339 732 trans·

139 801 335 864 scripsimus.

377 969 481 1036 XXI.
524 968 761 1038 VINDIOTA
787 967 1095 1037 SALVATORIS.

224 1112 323 1177 Hanc
339 1114 377 1174 ut
395 1108 525 1175 ederem
543 1109 728 1189 historiam,
752 1108 928 1173 commovit
945 1129 997 1172 me
1014 1105 1156 1186 libellus,
1176 1129 1197 1172 a
1213 1106 1337 1173 Iacobo

139 1223 268 1292 Grimm
289 1242 417 1287 mecum
440 1221 716 1301 communicatus,
744 1241 850 1302 nuper
878 1218 1113 1302 Cantabrigiae
1142 1217 1251 1283 editus
1273 1219 1339 1283 hoc

137 1335 249 1399 titulo:
278 1334 343 1395 The
361 1333 570 1419 duplo-saaca
589 1332 727 1417 leyends
748 1336 789 1416 os
808 1332 852 1395 St.
875 1332 1008 1395 Andrean
1029 1332 1094 1394 aad
1118 1331 1162 1395 St.
1181 1329 1339 1394 Veronica.

137 1446 250 1509 Edited
267 1448 329 1529 for
357 1446 404 1508 tlte
434 1443 616 1529 Cambridpe
637 1446 845 1528 Antiquariurs
878 1443 1009 1526 Society,
1040 1445 1111 1505 wire
1138 1464 1180 1506 an
1208 1443 1339 1526 anlislr

137 1557 327 1635 cambitor,
351 1557 389 1641 by
415 1554 540 1619 Cbarles
569 1554 707 1641 Wycliffe
732 1553 888 1618 Goodwin.
928 1552 1136 1637 Cambridge,
1153 1554 1246 1618 1851.
1279 1552 1340 1617 Al·

141 1672 214 1733 tera
237 1665 323 1731 enim
340 1667 457 1731 harum
473 1665 661 1730 fabularum
669 1667 704 1746 ¹),
727 1664 946 1733 aGoodwino
971 1686 1009 1729 ex
1033 1663 1203 1730 codicibus
1225 1663 1340 1747 anglo·

140 1778 305 1844 saxonicis
327 1777 425 1859 edita,
449 1777 519 1842 sine
543 1776 643 1841 dubio
668 1798 707 1840 ex
730 1774 840 1840 libello
863 1780 977 1840 nostro
1001 1774 1151 1840 derivata
1173 1780 1233 1840 est.
1271 1774 1339 1840 Hic

141 1909 218 1954 vero
247 1889 327 1954 setis
354 1886 464 1953 differt
489 1887 531 1952 ab
559 1887 624 1952 alio
648 1886 772 1968 scripto
796 1886 910 1965 simili,
943 1886 1032 1969 quod
1054 1887 1104 1950 vir
1126 1887 1339 1952 doctissimus

140 1999 312 2083 Goodwin,
335 2002 369 2064 in
392 2021 432 2064 ea
455 2005 545 2064 certe
567 2003 662 2081 parte
686 2018 770 2080 quae
794 2001 846 2062 est
869 1997 908 2063 de
931 1997 1108 2078 Veronica,
1130 2019 1190 2081 pro
1213 1997 1339 2064 fabula·

139 2112 221 2177 toris
252 2111 500 2194 anglosaxonici
531 2110 622 2175 fonte
651 2108 777 2175 habuit.
827 2108 922 2173 Dicit
953 2110 1039 2173 enim
1078 2110 1144 2172 Tic
1174 2111 1281 2196 quend
1309 2115 1349 2195 of

150 2223 296 2286 Veronico
327 2225 358 2284 irs
389 2225 427 2284 its
457 2221 591 2306 oriyiaal
609 2225 701 2305 serm
732 2225 757 2284 is
777 2224 887 2305 found
913 2224 943 2283 irs
971 2245 990 2283 a
1013 2220 1109 2284 Latin
1131 2225 1288 2285 narrative
1309 2226 1349 2308 ff

136 2344 227 2418 preat
252 2336 399 2418 antiquitp
426 2333 552 2396 mtitled.
598 2329 687 2395 Cura
711 2331 865 2395 sanitatis
888 2329 1014 2396 Tiberii
1037 2330 1171 2397 Cesaris
1193 2332 1343 2415 Augusti

140 2449 175 2509 et
204 2443 371 2508 damnatio
403 2442 520 2524 Pilati,
543 2445 624 2526 first
648 2443 811 2527 publisbed
839 2444 876 2528 by
906 2444 1038 2529 soqqini
1067 2447 1099 2507 in
1128 2445 1176 2506 lis
1204 2442 1342 2508 Exerci-

140 2555 284 2619 tationes
311 2553 387 2618 hist.
411 2552 548 2618 criticae
572 2552 612 2617 de
636 2552 789 2618 Romano
813 2553 856 2617 D.
879 2552 972 2618 Petri
1001 2554 1173 2638 itinerei),
1199 2559 1293 2638 from
1321 2579 1342 2618 a

148 2666 214 2729 Vas.
241 2664 302 2727 Ms.
326 2668 366 2748 of
387 2666 435 2728 tlte
466 2666 575 2743 11,00.‚
606 2687 647 2727 aa
674 2667 881 2751 subsequently
907 2668 1033 2751 printed
1049 2671 1141 2752 srorn
1169 2691 1189 2730 a
1217 2666 1280 2730 Me.
1309 2672 1350 2754 os
1378 2654 1383 2667 ⁸

141 2779 188 2838 tte
216 2777 297 2856 8,00.
325 2777 364 2860 by
391 2777 422 2839 J.
447 2777 490 2839 D.
515 2775 675 2858 Mamm).
719 2776 873 2841 Eundem
900 2777 1049 2842 libellum
1077 2777 1286 2860 aFogginio
1310 2784 1344 2842 et

141 2886 273 2951 Mansio
296 2885 500 2968 publicatum
526 2888 604 2951 clar.
628 2885 726 2952 Thilo
755 2887 789 2951 in
811 2886 954 2953 Halensi
983 2888 1095 2953 codice
1124 2888 1343 2970 orphanotro-

141 2997 218 3080 phei
246 2997 386 3079 invenit,
414 2997 456 3061 ad
484 2997 607 3062 calcem
635 2998 798 3080 evangelii
821 2997 997 3064 Nicodemi
1020 2999 1183 3080 additum,
1212 2999 1252 3064 de
1278 3020 1343 3082 quo

144 3107 247 3173 refert
270 3106 350 3172 Cod.
372 3128 482 3190 apocr.
510 3129 540 3191 p.
564 3107 788 3176 CXXXVII.
832 3110 908 3174 Hoc
935 3110 1023 3194 loco,
1050 3117 1229 3194 postquam
1251 3110 1345 3176 Hen-

144 3218 316 3284 schenium
337 3218 372 3281 in
387 3219 485 3284 Actis
505 3218 562 3286 SS.
586 3219 628 3284 ad
651 3219 680 3284 d.
696 3219 757 3286 IV.
772 3220 871 3286 Febr.
894 3243 923 3303 p.
939 3224 1010 3287 450.
1034 3222 1172 3288 eundem
1195 3221 1344 3288 libellum

143 3329 293 3413 tetigisse
315 3331 452 3412 notavit,
474 3329 580 3395 addit:
612 3329 804 3410 „Simillima
826 3338 876 3397 est
898 3333 1073 3399 historiola
1095 3355 1195 3417 quam
1217 3334 1344 3399 Maria·

143 3460 204 3504 nus
228 3439 348 3506 Scotus
371 3440 406 3505 in
429 3439 594 3506 Chronico
619 3441 661 3505 ad
689 3464 718 3507 a.
741 3442 817 3508 Chr.
840 3445 890 3507 39.
913 3465 931 3508 e
952 3443 1125 3511 Methodio
1154 3451 1344 3528 excerptam

143 3550 240 3616 affert
250 3552 292 3634 ⁴),
322 3552 414 3616 cuius
443 3558 610 3618 auctorem
639 3553 800 3618 celebrem
829 3553 910 3637 Tyri
939 3555 1126 3638 episcopum
1156 3577 1228 3620 esse
1254 3555 1344 3621 haud

229 3766 251 3830 1)
270 3768 310 3818 sd
329 3769 444 3833 priorem
463 3770 497 3819 de
516 3770 545 3820 S.
558 3771 665 3820 Andron
683 3772 800 3821 tabulam
820 3772 984 3822 conterenda
1003 3777 1067 3823 suut
1084 3789 1142 3823 mes
1162 3776 1230 3823 Aeto
1241 3780 1344 3837 aposto·

144 3853 226 3903 lorum
244 3855 390 3918 apocrypho
408 3852 508 3917 (1851.)
526 3870 586 3920 pag.
599 3854 699 3904 xuvu
717 3871 777 3920 sqq.
799 3858 848 3906 132
861 3872 920 3920 sqq.

229 3936 252 4002 ²)
271 3940 329 3989 Hoc
348 3955 415 4004 opus
434 3940 536 4005 prodiit
555 3941 708 3991 Florentiae
729 3943 804 3992 1741.
842 3941 882 3993 Cl.
901 3944 938 3993 ibi
957 3960 1017 4009 pag.
1030 3944 1139 3994 38—46.

230 4021 252 4087 ³)
272 4021 460 4088 cistophori
478 4026 581 4076 Balnsll
599 4026 775 4077 Miscellanea
793 4042 874 4091 opera
891 4037 921 4078 et
938 4029 1029 4079 studio
1048 4029 1070 4079 1.
1086 4029 1118 4078 D.
1133 4030 1222 4080 Manui
1240 4030 1344 4082 erebia*

144 4113 212 4178 pise.
227 4113 366 4162 Lucensis.
391 4113 524 4163 Tomlv.
551 4113 637 4163 Lucae
657 4115 731 4164 1764.
761 4131 788 4178 p.
803 4116 913 4165 55-57.

229 4198 253 4262 ⁴)
274 4200 313 4249 De
333 4216 362 4249 ea
380 4215 409 4249 re
429 4200 590 4250 (leodwinus
615 4201 667 4250 sic:
695 4202 745 4251 Tire
762 4203 905 4251 cironicler
922 4203 1060 4254 limosus
1079 4204 1180 4265 Scelus,
1202 4206 1257 4256 seio
1279 4223 1344 4256 com·

144 4286 215 4352 pilosi
237 4289 277 4335 iis
302 4287 372 4336 soorlr
395 4287 472 4336 about
494 4288 535 4337 the
558 4288 652 4336 rniddls
675 4289 708 4353 ο]
726 4290 766 4337 tiss
789 4291 873 4346 11‚0o.
900 4292 971 4352 pices
987 4308 1005 4338 a
1025 4291 1094 4356 briss
1113 4308 1240 4358 Μυκη
1257 4295 1289 4358 os
1304 4295 1345 4342 rae

147 4373 234 4436 tepescet
252 4399 262 4409 ·
274 4399 284 4409 ·
303 4375 356 4422 Bet
378 4391 395 4422 a
418 4377 576 4436 comparisoa
597 4376 630 4440 os
648 4375 689 4423 the
711 4377 795 4424 words
812 4376 879 4424 cited
897 4376 927 4441 by
944 4377 1082 4427 Mariam
1098 4380 1159 4428 seith
1176 4379 1217 4428 sse
1235 4382 1344 4443 operatae
