2962 4912
442 1387 665 1461 EPISTOLA
697 1389 856 1461 PONTII
887 1385 1047 1461 PILATI

144 1603 245 1661 QUAM
268 1602 408 1653 sesslssl'r
430 1603 477 1652 An
501 1602 679 1652 ROMANUM
703 1600 956 1651 lnpnonrossnre
977 1601 1024 1650 Do
1046 1599 1187 1651 DOMINO
1206 1600 1344 1651 NOSTRO

613 1686 693 1737 lnsu
715 1684 877 1736 enmono.

203 1877 344 1944 Pontius
372 1877 503 1944 Pilatus
531 1878 665 1943 Tiberio
693 1877 831 1944 Caesari
859 1879 1053 1961 imperatori
1082 1878 1224 1943 salutem
1252 1877 1282 1943 d.

227 1998 281 2062 De
309 1997 387 2063 Iesu
411 1998 558 2081 Christo,
585 2019 683 2082 quem
711 1998 773 2063 tibi
799 1998 896 2081 plane
923 1998 1099 2082 postremis
1126 1998 1209 2062 meis
1236 1997 1343 2062 decla·

143 2123 312 2185 meram,
349 2109 431 2166 nutu
463 2101 597 2167 tandem
629 2102 741 2185 populi
773 2102 925 2167 acerbum
957 2124 1008 2167 me
1041 2103 1136 2186 quasi
1173 2101 1276 2166 invito
1310 2108 1344 2166 et

144 2204 344 2270 oubtimente
373 2206 571 2289 supplicium
600 2212 766 2287 sumptum
796 2211 855 2269 est.
899 2205 1018 2271 Virum
1046 2202 1156 2268 hercle
1182 2204 1231 2269 ita
1252 2204 1343 2286 pium

144 2315 177 2373 et
199 2329 350 2374 severum
372 2309 464 2374 nulla
486 2330 633 2393 unquam
655 2315 750 2373 aetas
772 2307 890 2373 habuit
911 2329 971 2373 neo
993 2307 1151 2373 habitura
1173 2314 1233 2372 est.
1276 2305 1343 2372 Sed

144 2411 247 2476 mirus
284 2413 412 2477 exstitit
446 2414 551 2496 ipsius
589 2413 702 2496 populi
740 2417 880 2477 conatus
916 2414 1126 2494 omniumque
1158 2410 1341 2476 scribarum

143 2514 331 2597 principum
369 2521 402 2579 et
440 2515 606 2579 seniorum
638 2535 833 2593 consonano,
871 2514 939 2578 suis
976 2513 1145 2596 prophetis
1183 2520 1216 2577 et
1252 2534 1342 2577 more

143 2623 259 2682 nostro
294 2617 430 2702 sibyllis
467 2624 585 2683 eontra
621 2617 847 2700 monentibus,
884 2619 972 2683 hunc
1009 2619 1160 2683 veritatis
1197 2619 1342 2700 legatum

142 2720 349 2803 crucifigere3
381 2722 484 2803 signis
512 2727 545 2785 et
572 2743 674 2805 supra
701 2728 854 2787 naturam
877 2721 1129 2806 apparentibus,
1161 2721 1236 2786 dum
1264 2742 1342 2802 pen-

142 2821 249 2903 deret,
278 2828 311 2886 et
338 2821 412 2886 orbi
439 2824 592 2887 universo
619 2822 893 2906 philosophorum
915 2824 1039 2888 iudicio
1063 2824 1192 2907 lapsum
1213 2824 1341 2887 minan·

140 2924 240 2989 tibus.
284 2926 409 3008 Vigent
435 2927 524 2991 illius
554 2926 722 3009 discipuli,
751 2949 849 3010 opere
877 2933 910 2992 et
932 2929 1019 2993 vitae
1045 2928 1252 2993 continentia
1272 2949 1341 2991 ma-

139 3027 282 3109 gistrum
311 3048 378 3091 non
406 3029 616 3109 mentientem,
644 3029 709 3092 imo
732 3030 767 3092 in
790 3029 860 3093 eius
883 3029 1014 3094 nomine
1042 3029 1341 3094 beneficentissimi.

139 3126 218 3192 Nisi
256 3148 317 3210 ego
355 3129 549 3194 seditionem
586 3131 702 3212 populi
736 3152 839 3213 prope
871 3131 1056 3195 aestuantis
1088 3131 1210 3195 exoriri
1242 3131 1341 3212 perti-

227 3370 350 3424 Eoistola
368 3378 425 3420 ete:
447 3371 536 3420 itaer
557 3372 623 3421 Ven.

227 3465 302 3514 Poat.
329 3463 380 3525 (ita
405 3465 462 3515 Ven
489 3465 572 3522 Bodl,
600 3466 663 3515 Flor
685 3464 739 3528 om)
768 3466 821 3516 Pil.
849 3464 929 3528 (Bodl
957 3467 1010 3515 add
1037 3467 1149 3515 Iudaeae
1169 3466 1339 3528 procurator)

143 3551 198 3601 sih.
221 3552 291 3601 Caes.
314 3553 374 3616 imp.
400 3551 451 3614 (ito
471 3553 527 3602 Ven
552 3553 635 3611 Bodl,
659 3554 723 3602 Flor
745 3552 799 3616 om)
823 3553 930 3604 salutem
953 3554 1034 3616 (Bodl
1057 3555 1087 3616 e.)
1111 3554 1136 3603 d.
1156 3553 1229 3615 (Flor
1247 3569 1289 3602 om
1307 3555 1340 3601 de

138 3636 209 3685 Bodl
228 3635 269 3700 p.)

226 3731 374 3780 attinente
391 3746 450 3780 enm
469 3731 527 3781 Ven
546 3730 630 3781 Charo
650 3767 680 3781 ..
700 3733 763 3781 Flor
780 3734 931 3791 subticente,
956 3733 1024 3781 Bodl
1047 3733 1186 3782 monitante
1201 3731 1205 3795 Ι
1220 3736 1246 3781 et
1264 3733 1339 3794 (Flor

140 3815 226 3867 Chaon
244 3820 285 3880 ae)
308 3834 420 3866 renerum
438 3818 512 3879 (Flor
529 3819 666 3881 eircmm)
689 3835 748 3869 enm
767 3820 826 3869 Von
844 3821 907 3868 Flor
925 3819 1009 3868 Charo
1030 3856 1059 3869 ..
1079 3820 1148 3868 Bodl
1171 3822 1210 3869 ita
1226 3836 1339 3869 sermm

141 3899 275 3965 inaquam
299 3917 357 3951 cum
377 3903 434 3951 Ven
452 3902 515 3950 Flor
533 3901 617 3952 Chora
637 3939 666 3953 ..
690 3904 759 3954 Bodl
783 3908 842 3953 oete
866 3908 870 3960 Ι
894 3905 1075 3968 omniumque.
1095 3940 1102 3953 .
1124 3905 1180 3954 Van
1199 3920 1241 3955 om
1265 3904 1335 3970 qne]

135 3986 284 4052 principum
306 3990 332 4034 et
353 4001 413 4035 eum
433 3987 489 4036 Ven
512 3985 610 4047 Chaos,
634 3990 700 4038 item
720 3988 787 4037 Bodi
811 3995 837 4038 et
855 3991 941 4052 princ.
960 4006 992 4038 ae
1016 4025 1023 4039 .
1044 4027 1051 4040 .
1071 3991 1176 4040 Floret
1199 3989 1204 4053 Ι
1227 3995 1254 4040 et
1272 4007 1336 4041 mor.

139 4091 198 4125 enm
219 4073 277 4124 Van
296 4073 486 4123 Florebant.
505 4109 512 4122 .
536 4075 605 4125 Bodl
624 4091 666 4124 orn
689 4080 714 4124 et
731 4080 840 4136 leontra
861 4076 994 4125 momtib.
1019 4075 1089 4137 (Ven
1112 4076 1258 4138 morafie.)
1278 4092 1337 4126 rum

138 4161 209 4210 Bodl
229 4160 287 4210 Ven
306 4193 313 4207 .
333 4195 339 4208 .
360 4159 422 4208 Flor
445 4157 529 4208 Chasa
550 4162 749 4223 praemoneant.
781 4160 784 4222 Ι
816 4162 876 4209 Flet
900 4162 1050 4227 merstem
1079 4162 1083 4224 Ι
1111 4161 1192 4224 »ipris
1214 4165 1239 4209 et
1263 4160 1338 4223 (iiior

137 4250 228 4309 eam)
248 4265 307 4298 enm
319 4249 376 4299 Ven
390 4248 451 4296 Flor
471 4282 501 4297 ..
522 4248 590 4297 Bodl
609 4265 650 4298 om
669 4255 694 4298 et
709 4251 713 4309 Ι
730 4249 798 4298 Bodl
817 4249 1012 4313 minitantibus}
1032 4249 1123 4312 Vipent
1142 4283 1171 4298 ..
1192 4248 1275 4299 chan
1292 4266 1337 4298 ur-

134 4336 198 4396 ,qent
213 4334 218 4391 Ι
233 4333 306 4382 illiue
323 4369 350 4383 ..
368 4333 426 4382 Van
443 4333 514 4390 eive!
532 4332 757 4398 beneficentiuimi:
782 4334 840 4384 Van
858 4349 948 4397 prtem
966 4333 1056 4397 ubique
1074 4334 1207 4397 uniruique
1226 4336 1231 4393 Ι
1252 4333 1337 4384 Chaos

191 4432 280 4481 Evang.
290 4443 367 4483 apocr.
377 4433 413 4474 ed.
423 4432 578 4473 Tischendorf.
602 4433 643 4474 Ed.
653 4434 682 4473 11.
1090 4421 1123 4468 2⁸
