2962 4912
504 327 675 380 vmmors
694 328 916 382 ssnvnroms.
1248 326 1311 390 473

117 479 292 544 sanitatem
322 479 512 562 pristinam,
544 479 658 544 multis
691 480 788 545 bonis
819 499 990 562 erogarem
1021 484 1062 543 te.
1118 477 1312 562 ⁰Dixitque

118 579 148 642 ei
169 576 305 643 Nathan
328 578 468 663 Nescio,
495 601 602 663 neque
630 580 711 645 talia
737 579 827 660 novi,
855 578 1001 659 domine,
1028 578 1140 662 qualia
1166 584 1202 642 tu
1231 577 1312 644 mihi

118 681 209 747 diois.
254 682 320 748 Sed
348 690 459 750 tamen
485 685 513 750 si
540 685 659 750 fuisses
687 684 868 768 praeterito
896 690 1044 767 tempore
1066 683 1101 747 in
1122 682 1312 766 Ierusalem,

118 784 164 848 ibi
192 787 373 852 invenisses
401 789 540 853 electum
569 788 779 872 prophetam,
811 788 863 852 cui
892 808 1011 852 nomen
1040 793 1111 852 erat
1133 786 1313 853 Emanuel:

117 890 189 971 ipse
212 891 299 954 enim
323 891 447 956 salvum
470 892 571 957 faciet
591 891 750 975 populum
774 914 793 956 a
814 892 958 974 peccatis
987 912 1109 956 eorum.
1155 891 1221 977 Qui
1248 892 1315 975 pri·

118 1014 208 1056 mum
233 995 362 1076 signum
385 995 420 1059 in
443 995 536 1060 Cana
558 996 710 1064 Galileae
733 995 773 1059 de
795 1016 881 1078 aqua
903 995 1014 1059 vinum
1037 995 1130 1076 fecit,
1159 1002 1191 1061 et
1213 994 1313 1061 verbo

120 1119 179 1162 suo
208 1098 358 1181 leprosos
386 1099 569 1179 mundavit,
600 1106 678 1165 nato
708 1120 806 1164 caeco
837 1098 951 1164 oculos
979 1098 1188 1181 illuminavit,
1220 1120 1314 1183 para·

118 1200 239 1282 lyticos
271 1201 414 1281 sanavit,
445 1201 619 1267 daemones
648 1201 816 1284 effugavit,
847 1208 915 1267 tres
947 1209 1093 1267 mortuos
1126 1203 1315 1268 suscitavit:

121 1303 291 1368 mulierem
324 1303 357 1367 in
390 1303 553 1369 adulterio
586 1304 835 1386 deprehensam,
865 1302 1044 1369 iudicatam
1072 1326 1092 1369 a
1119 1304 1252 1370 Iudaeis
1279 1309 1317 1368 at

120 1407 336 1490 lapidaretur,
366 1408 537 1473 liberavit:
569 1413 603 1473 et
630 1409 728 1472 aliam
755 1409 926 1474 mulierem
954 1409 1088 1474 nomine
1115 1408 1316 1475 Voronicam

122 1528 206 1589 quae
234 1509 403 1592 sanguinis
430 1509 553 1575 fluxum
582 1510 772 1593 patiebatur
794 1509 966 1575 duodecim
995 1511 1090 1575 annis
1118 1516 1151 1575 et
1178 1509 1318 1576 accessit

122 1611 163 1677 ad
191 1634 265 1677 eum
292 1618 381 1710 retro
410 1619 443 1678 et
469 1615 581 1698 tetigit
608 1615 771 1680 fimbriam
797 1615 984 1679 vestimenti
1013 1615 1097 1693 eius,
1130 1620 1163 1679 et
1189 1615 1319 1680 sanavit
1369 1618 1373 1627 '

123 1736 211 1780 eam:
255 1722 288 1781 et
323 1716 363 1781 de
398 1718 545 1802 quinque
580 1719 719 1801 panibus
757 1724 791 1783 ct
826 1717 955 1783 duobus
991 1715 1137 1800 piscibus
1171 1719 1317 1802 quinque

123 1820 229 1885 millia
259 1821 429 1887 hominum
461 1824 608 1903 satiavit,
639 1823 785 1906 exceptis
811 1822 959 1905 parvulis
987 1827 1020 1887 et
1047 1821 1255 1905 mulieribus,
1286 1829 1319 1887 et

123 1930 354 1989 remanserunt
380 1924 420 1990 de
448 1926 642 2008 fragmentis
664 1924 836 1991 duodecim
864 1924 1033 2008 scophini:
1064 1925 1131 1990 ista
1153 1926 1264 1990 omnia
1287 1932 1320 1991 et

124 2030 191 2094 alia
213 2027 317 2091 multa
339 2034 416 2093 ante
444 2048 536 2092 suam
564 2028 753 2110 passionem
781 2026 947 2109 completa
974 2031 1059 2091 sunt.
1104 2026 1187 2091 Post
1214 2047 1320 2091 resur·

125 2131 304 2195 rectionem
344 2150 436 2193 suam
472 2129 613 2194 vidimus
651 2151 725 2193 eum
762 2129 796 2192 in
834 2149 932 2192 carne
969 2128 1055 2192 sicut
1091 2133 1166 2192 ante
1203 2127 1320 2192 fuerat.

127 2232 255 2296 ⁷Dixit
281 2237 391 2295 autem
418 2229 515 2295 Titus
543 2230 585 2295 ad
613 2251 686 2294 eum
710 2229 884 2313 Quomodo
913 2228 1096 2293 resurrexit
1123 2250 1144 2293 a
1170 2228 1321 2306 mortuis,

127 2336 205 2418 quia
234 2340 384 2399 mortuus
414 2332 502 2398 fuit?
546 2331 765 2416 Respondens
796 2338 906 2397 autem
936 2330 1072 2395 Nathan
1104 2330 1187 2394 dixit
1215 2329 1322 2395 Mani-

124 2441 207 2505 festc
236 2443 388 2503 mortuus
416 2436 480 2501 fuit
508 2444 541 2502 et
567 2437 602 2500 in
632 2457 727 2501 cruce
755 2456 934 2519 suspensus
962 2434 1138 2500 etiterum
1162 2434 1201 2498 de
1226 2454 1322 2499 cruce

126 2540 309 2624 depositus,
340 2544 375 2604 et
402 2560 461 2622 per
489 2544 557 2604 tres
585 2537 655 2603 dies
683 2537 788 2602 iacuit
816 2537 850 2601 in
873 2536 1045 2619 sepulcro:
1075 2535 1191 2601 deinde
1214 2556 1323 2601 resur·

126 2645 212 2710 rexit
239 2666 259 2709 a
287 2644 442 2724 mortuis,
470 2647 504 2707 et
526 2640 696 2708 descendit
723 2640 766 2706 ad
794 2640 974 2719 infernum,
1002 2644 1036 2703 et
1060 2637 1268 2722 patriarchas
1290 2644 1324 2701 et

126 2747 305 2831 prophetas
328 2751 361 2812 et
384 2767 480 2811 omne
502 2767 606 2829 genus
627 2745 808 2810 humanum
830 2742 1000 2808 liberavit:
1028 2741 1146 2806 deinde
1168 2739 1323 2823 apparuit

127 2850 299 2932 discipulis
327 2851 396 2914 suis
423 2856 456 2916 et
482 2849 695 2915 manducavit
723 2846 904 2911 cumillis:
936 2844 1052 2910 deinde
1074 2844 1228 2909 viderunt
1250 2864 1324 2908 eum

129 2953 361 3018 ascendentem
389 2954 423 3018 in
447 2953 584 3018 coelum.
628 2951 675 3015 Et
702 2950 749 3014 sio
776 2949 900 3014 veritas
929 2954 992 3031 est,
1019 2948 1082 3012 hoc
1112 2966 1207 3011 omne
1236 2944 1325 3030 quod

216 3215 241 3264 6.
265 3214 357 3263 Nescio
375 3245 385 3254 -
403 3214 464 3263 milti
481 3214 561 3263 dieis.-
585 3213 711 3263 similiter
728 3209 803 3260 ASax
824 3209 846 3258 Ο
864 3209 961 3259 domine
978 3209 1021 3267 mi,
1042 3222 1087 3272 epo
1105 3224 1154 3258 noa
1168 3222 1271 3270 porram
1289 3209 1325 3256 ia·

132 3301 216 3348 venire
233 3299 314 3348 ullam
331 3317 384 3349 rem
402 3301 532 3358 eiusmodi,
549 3315 628 3364 neque
645 3299 703 3348 nort
720 3297 811 3346 taliam
830 3298 962 3360 quicquam
977 3292 982 3356 1
998 3293 1138 3343 Emaaarl:
1156 3291 1231 3342 ASax
1249 3292 1327 3342 domi·

132 3402 178 3434 neca
196 3390 267 3435 Ieraa
280 3388 414 3443 Christus}
433 3386 484 3449 Qui
498 3387 609 3449 primam
626 3386 724 3450 apuam
742 3386 769 3433 iu
788 3384 859 3432 Caua
878 3382 948 3444 (Ven
962 3380 1033 3442 oeno)
1055 3380 1115 3430 eal.
1127 3381 1160 3429 de
1175 3396 1243 3444 aqua
1256 3378 1327 3443 (Van
1347 3392 1351 3398 “

132 3470 184 3518 add
196 3470 234 3532 in)
253 3472 336 3520 ninam
345 3472 416 3536 serit
434 3503 443 3511 -
462 3471 575 3533 leprosos
591 3470 723 3519 mandarit
740 3495 750 3505 ·
765 3468 882 3534 paralyt.
896 3467 999 3516 sanarit
1017 3464 1058 3528 (in
1077 3466 1135 3528 ipso
1154 3463 1245 3514 codice
1265 3478 1328 3513 vero

133 3560 175 3602 est
194 3555 284 3617 leprae.
304 3557 405 3605 sanavit
423 3587 432 3596 -
447 3555 536 3617 paral.
555 3552 685 3615 mandor.)
704 3583 714 3594 ·
732 3554 759 3602 in
777 3551 875 3615 (codex
893 3549 934 3611 de)
954 3549 1084 3599 adulterio
1103 3581 1112 3590 -
1130 3552 1156 3597 et
1172 3549 1258 3612 tetips't
1268 3545 1328 3608 fim-

132 3640 213 3687 briam
232 3638 283 3701 (ita
301 3641 381 3699 Amb3
405 3641 464 3690 Van
482 3641 568 3703 trtipr't
585 3655 639 3689 eam
655 3635 799 3704 fimbriam)
818 3661 828 3671 ·
846 3640 872 3684 rt
889 3635 992 3684 aaroni
1012 3649 1066 3683 eam
1089 3631 1139 3695 (sic
1157 3632 1239 3693 Amb3
1263 3632 1328 3682 item

134 3725 190 3774 Van
210 3727 307 3775 omisso
326 3726 391 3788 eam)
408 3752 418 3762 ·
437 3726 562 3790 conpleta
579 3731 637 3775 runt
655 3759 682 3774 .·
700 3723 777 3774 ASax
794 3723 901 3771 brevius
920 3722 973 3769 sic:
992 3723 1068 3783 atque
1085 3720 1161 3768 niam
1178 3717 1330 3782 (praeeedit

132 3812 173 3858 tio
191 3811 246 3871 ipse
263 3810 360 3858 salom
374 3811 445 3874 serit
465 3809 586 3873 populum
602 3822 674 3857 ruam
691 3823 708 3855 a
726 3806 842 3870 percotis
859 3801 956 3864 emm)
981 3818 1026 3852 eso
1047 3802 1121 3851 verbo
1144 3801 1275 3850 mandarat
1295 3799 1329 3849 le·

130 3912 224 3960 procos
241 3900 267 3944 et
282 3895 439 3944 illuminarit
453 3910 541 3943 caecos
552 3898 578 3943 et
588 3893 718 3942 revocarit
729 3893 849 3940 morata
880 3888 920 3937 Et
931 3888 1054 3952 quaedam
1063 3886 1166 3950 semino
1180 3883 1331 3946 potiebatur
1366 3911 1370 3920 ·

127 3984 231 4047 floram
248 3983 380 4046 moysitis
396 3982 526 4030 duodecim
544 3982 643 4037 hiemes,
662 3978 759 4027 nomine
775 3975 908 4031 Veronae,
927 3978 952 4024 et
969 3973 1076 4022 accerrit
1093 3975 1164 4020 retro
1182 3971 1217 4019 ad
1234 3984 1288 4019 eam
1306 3971 1331 4017 et

134 4068 219 4130 {eripit
234 4066 367 4126 fimbriam
385 4065 525 4115 scamma*
542 4065 605 4121 eim,
627 4062 741 4111 stillico
757 4075 806 4124 per
822 4059 869 4107 tor
885 4060 980 4106 sanata
997 4060 1043 4105 ert.
1080 4055 1119 4103 Et
1135 4053 1242 4103 ediscit
1260 4052 1330 4117 qaia·

135 4169 181 4215 que
198 4152 283 4200 millia
299 4152 427 4200 homiaem
444 4153 553 4213 quinque
571 4147 682 4211 panitas
699 4149 725 4194 et
741 4143 837 4193 declus
853 4141 973 4205 piscibus.
1010 4142 1094 4204 Atque
1111 4137 1275 4187 haecomnia
1293 4137 1330 4183 at·

137 4257 182 4305 qao
196 4240 277 4303 plora
294 4236 351 4286 aaa
368 4235 502 4301 complevit
519 4239 578 4283 aare
595 4249 667 4284 onom
680 4234 835 4296 passionen.

221 4326 246 4376 7.
272 4324 350 4374 Dixit
368 4326 450 4371 autem
467 4321 540 4370 litae
557 4326 600 4369 etc
619 4334 651 4370 ex
669 4318 749 4378 Amb3
768 4317 827 4367 Van
846 4316 898 4366 sic:
921 4313 999 4364 Dira
1016 4315 1100 4360 auam
1117 4309 1193 4357 εΐίαιιι
1211 4304 1331 4370 mornado

137 4411 278 4460 recurrerit
295 4426 313 4458 o
329 4409 436 4459 metuis
453 4412 478 4458 et
490 4406 611 4471 quomodo
628 4406 726 4454 ocrim
735 4405 795 4468 seit
811 4406 837 4452 et
853 4403 881 4450 in
899 4415 972 4449 error
989 4410 1123 4460 nepsam
1140 4423 1150 4434 -
1169 4392 1209 4454 (in
1222 4391 1265 4440 his
1279 4404 1332 4439 non
