2962 4912
138 263 202 327 458
618 261 714 315 uuas
732 261 862 315 emam.

138 416 226 481 filius
249 414 365 480 mortis
388 420 439 480 est
461 417 496 479 et
516 414 642 499 nelasl)
673 419 724 481 est
746 436 821 482 eum
844 414 952 479 vivere
975 418 1231 496 superterram
1275 408 1335 496 Qui

141 538 215 583 cnm
244 539 319 583 eum
341 515 437 601 vidit,
466 515 622 584 continuo
646 537 721 582 eum
744 516 901 583 salutavit
923 521 957 582 et
979 513 1109 582 omnem
1131 511 1236 579 animi
1258 510 1335 578 fero·

140 622 277 686 citatem
306 618 438 685 abiecit
480 617 697 685 Mirabantur
724 639 851 699 omnes,
878 617 1062 684 mirabatur
1088 622 1123 682 et
1149 616 1236 699 ipse,
1265 615 1338 698 quia

140 723 188 790 sio
216 725 334 788 contra
356 719 503 785 Pilatum
531 718 609 786 dum
641 720 773 787 abesset
804 719 1045 801 exardesceret,
1077 722 1110 784 et
1139 716 1217 783 dum
1248 737 1336 800 prae-

139 847 214 893 sens
236 831 325 892 esset
346 824 394 890 nil
417 824 447 890 ei
470 824 562 908 loqui
584 830 697 909 posset
718 846 844 909 aspero.
881 823 1031 891 Tandem
1053 822 1165 888 divino
1189 826 1274 886 nutu
1290 821 1338 886 vel

138 930 224 998 forte
252 928 394 995 ahcuius
417 927 598 995 Christiani
625 950 727 995 suasu
754 930 863 1013 ipsum
892 929 950 995 illa
975 928 1089 996 tunica
1111 925 1275 1011 expoliari
1296 924 1338 989 f-

138 1034 198 1114 cit,
227 1036 261 1097 et
283 1038 402 1098 contra
424 1051 500 1097 eum
522 1031 697 1114 pristinam
718 1031 926 1098 ferocitatem
949 1030 1049 1098 animi
1074 1051 1151 1095 mox
1177 1028 1338 1093 resumsit

139 1137 289 1219 Cumque
313 1134 353 1201 do
381 1134 444 1201 hoo
470 1135 650 1219 imperator
678 1135 856 1220 plurimum
879 1135 1113 1217 admiraretur,
1143 1132 1340 1198 dictumest

139 1239 202 1305 sibi
234 1238 324 1323 quod
356 1236 415 1304 illa
445 1239 559 1304 tunica
590 1239 708 1305 luisset
740 1238 865 1305 domini
893 1236 982 1305 Iesu.
1034 1237 1130 1303 'Punc
1160 1237 1338 1318 imperator

139 1363 214 1407 eum
240 1341 277 1406 in
305 1361 474 1407 carcerem
501 1341 605 1425 recipi
635 1341 745 1424 iussit,
776 1336 881 1408 doned
908 1341 1094 1426 sapientum
1123 1339 1262 1404 consilio
1289 1336 1339 1402 de·

137 1444 298 1510 liberaret
320 1443 400 1528 quid
423 1443 462 1509 de
485 1465 524 1510 eo
552 1445 624 1510 fieri
652 1451 833 1529 oporteret.
877 1446 959 1512 Post
987 1451 1097 1510 autem
1126 1464 1251 1528 paucos
1274 1441 1338 1507 dies

139 1546 219 1611 data
242 1549 293 1610 est
314 1545 418 1630 igitur
440 1547 474 1610 in
489 1544 638 1611 Pilatum
661 1548 828 1612 sententia
850 1553 888 1613 ut
909 1552 1015 1613 morte
1038 1545 1236 1629 turpissima
1254 1541 1338 1607 dam·

139 1654 285 1714 naretur.
328 1647 480 1714 Audiens
506 1649 570 1715 hoc
592 1649 724 1715 Pilatus
752 1649 886 1716 cultello
915 1649 1050 1734 proprio
1077 1670 1112 1714 se
1135 1645 1283 1727 necavit,
1309 1652 1339 1710 et

138 1749 199 1816 tali
223 1757 330 1816 morte
352 1750 456 1815 vitam
478 1749 593 1815 finivit.

225 1852 369 1937 Cognita
385 1853 511 1921 Caesar
532 1861 640 1921 morte
655 1854 759 1920 Pilati
778 1854 862 1920 dixit
876 1854 965 1923 Vere
988 1860 1137 1920 mortuus
1162 1855 1214 1917 est
1237 1856 1337 1916 morte

139 1956 344 2039 turpissima,
373 1955 426 2021 cui
454 1977 570 2021 manus
597 1957 733 2041 propria
758 1977 825 2022 non
852 1956 1010 2041 peporcit.
1055 1954 1140 2020 Moli
1168 1952 1275 2038 igitur
1295 1952 1338 2015 in·

139 2059 230 2144 genti
262 2058 419 2143 alligatur
450 2064 485 2124 et
514 2059 548 2124 in
579 2059 728 2126 Tiberim
758 2058 892 2125 fluvium
927 2059 1143 2144 immergitur.
1197 2054 1338 2140 Spiritus

139 2185 217 2230 vero
250 2163 385 2248 maligni
416 2169 450 2229 et
482 2163 605 2230 sordidi
637 2166 768 2249 corpori
799 2165 945 2250 maligno
973 2169 1007 2229 et
1035 2161 1168 2231 sordido
1199 2180 1337 2242 congau-

139 2266 254 2332 dentes
277 2287 389 2331 omnes
411 2266 453 2359 in·
469 2267 565 2351 aquis
586 2267 817 2349 movebantur,
847 2274 880 2334 et
902 2266 1035 2350 fulgura
1058 2271 1093 2331 et
1113 2268 1338 2347 tempestates,

139 2370 288 2436 tonitrua
318 2375 352 2435 et
382 2369 560 2454 grandines
591 2370 625 2435 in
653 2392 728 2436 aero
760 2370 955 2436 terribiliter
987 2368 1198 2454 gerebant0),
1232 2365 1282 2430 ita
1305 2371 1339 2429 ut

141 2471 252 2536 cuncti
274 2471 392 2537 timore
413 2470 565 2537 horribili
587 2477 788 2538 tenerentur.
833 2470 1045 2557 Quapropter
1064 2469 1212 2536 Romani
1236 2467 1337 2551 ipsum

140 2595 160 2638 a
182 2572 313 2638 Tiberis
336 2572 435 2639 fluvio
463 2572 687 2656 extrahentes,
715 2573 891 2639 derisionis
920 2595 1021 2639 causa
1046 2574 1156 2657 ipsum
1182 2571 1220 2635 in
1243 2567 1339 2635 Vien-

140 2695 216 2739 nam
248 2673 508 2758 deportaverunt
540 2680 573 2739 et
602 2672 758 2740 Rhodani
790 2674 889 2740 fluvio
919 2676 1172 2740 immerserunt:
1210 2670 1338 2739 Vienna

140 2777 227 2841 enim
251 2775 372 2842 dicitur
395 2777 492 2860 quasi
518 2777 572 2842 via
599 2776 782 2860 gehennae,
812 2778 890 2861 quia
918 2781 991 2842 erat
1016 2783 1095 2842 tunc
1121 2774 1218 2839 locus
1247 2771 1338 2837 male

140 2877 305 2944 dictionis.
350 2878 418 2944 Sed
427 2879 451 2963 ⁹)
480 2879 527 2943 ibi
550 2899 693 2963 nequam
716 2880 852 2963 spiritus
875 2878 1054 2962 affuerunt,
1080 2876 1206 2943 ibidem
1230 2873 1338 2940 eadem

141 2989 325 3066 operantes.
369 2982 531 3048 Homines
554 3004 632 3067 ergo
655 2983 704 3048 illi
726 2988 855 3049 tantam
876 2976 1123 3049 infestationem
1142 2980 1337 3046 daemonum

139 3084 256 3168 non10)
287 3084 487 3150 sustinentes
514 3106 571 3150 vas
599 3084 681 3150 illud
709 3085 949 3152 maledictionis
971 3107 992 3151 a
1015 3106 1049 3150 se
1072 3087 1287 3149 removerunt
1309 3087 1339 3145 et

141 3186 223 3253 illud
247 3187 470 3271 sepeliendum
492 3187 657 3254 Losaniae
686 3191 854 3256 territorio
883 3191 1127 3256 commiserunt.
1172 3186 1242 3271 Qui
1269 3205 1337 3250 cum

140 3291 238 3356 nimis
266 3291 428 3375 praefatis
439 3292 476 3375 ¹¹)
503 3292 769 3360 infestationibus
797 3298 1031 3377 gravarentur,
1059 3293 1167 3377 ipsum
1192 3313 1213 3356 a
1236 3310 1270 3355 se
1292 3310 1337 3376 re

140 3402 313 3462 moverunt
335 3402 369 3461 et
396 3395 430 3461 in
455 3395 595 3480 quodam
619 3404 719 3481 puteo
742 3398 908 3464 montibus
931 3399 1153 3481 circumsepto
1177 3397 1336 3461 immerse

139 3504 226 3580 runt,
247 3498 306 3563 ubi
328 3496 435 3563 adhuc
457 3497 620 3563 relatione
643 3499 861 3582 quorumdam
883 3498 1047 3585 quaedam
1070 3495 1255 3564 diabolicae
1276 3516 1336 3560 ma·

140 3603 347 3668 chinationes
371 3601 509 3667 ebullire
533 3602 696 3668 dicuntur.

226 3778 251 3827 7.
282 3774 371 3827 Codex
389 3793 437 3841 per
455 3792 570 3827 errorem
583 3779 641 3844 saa

225 3865 251 3913 8.
280 3863 404 3914 Fortasse
422 3865 523 3914 rectius
541 3865 606 3931 hog.
620 3882 675 3916 nur.
690 3866 874 3929 respondentes
892 3869 917 3915 et
933 3881 999 3915 suar
1017 3868 1043 3915 la
1062 3864 1137 3929 aquis
1154 3880 1223 3913 suas
1240 3863 1267 3912 ia
1284 3877 1333 3911 aere

139 3949 269 4009 rapientes
286 3947 417 3998 mirabiles
435 3949 614 4000 inundationes
632 3951 658 3999 is
676 3952 750 4014 cquis
766 3951 904 4009 monebant,
923 3954 949 3999 et
966 3981 975 3991 ·
992 3950 1152 4014 onerabant

225 4032 251 4080 9.
270 4029 345 4079 Adde
364 4033 405 4081 et?

210 4118 252 4166 10.
280 4132 330 4167 non
349 4116 426 4167 deest
444 4119 472 4168 in
492 4118 593 4169 codice.

209 4204 250 4252 11.
279 4200 368 4251 Codex
386 4203 471 4253 atmiis
487 4205 648 4269 praesectis.-
669 4220 735 4268 quae
754 4205 870 4256 tortasse
890 4207 953 4257 terri
972 4212 1097 4270 possunt.

633 4349 699 4358 —--.
704 4352 844 4359 -...----
