3000 4912
414 331 649 385 EVANGELIUM
667 332 813 384 THOMAB
831 333 1001 384 LATINUM.
1028 333 1083 383 XV.
1289 334 1351 398 179

149 482 252 548 Dixit
270 489 387 549 autem
403 483 505 549 Iesus
526 482 570 549 ad
585 489 730 549 matrem
745 482 861 566 pueri:
892 481 992 548 Tolle
1010 482 1119 548 fllium
1136 490 1234 549 tuum
1255 490 1291 549 et
1307 484 1351 551 da

151 586 184 650 ci
200 585 311 651 ubera
326 592 362 652 et
376 586 561 653 recordare
578 587 656 651 mei.
688 584 888 654 'Videntes
904 590 1021 650 autem
1034 586 1157 652 turbae
1174 587 1240 653 hoc
1250 588 1351 653 mira-

151 689 268 754 culum
293 688 470 754 dixcrnnt:
510 688 554 752 In
577 688 724 754 scritate
750 688 869 753 infans
897 688 964 753 istc
991 688 1156 755 caelestis
1182 695 1250 755 est:
1282 691 1351 756 iam
1410 698 1414 707 '

150 792 244 857 enim
264 792 384 875 plures
406 793 539 857 animas
562 790 725 856 liberavit
746 796 909 872 ammte,
932 797 969 855 et
991 790 1104 858 salvos
1125 790 1212 857 fecit
1231 814 1350 858 omnes

150 901 333 978 sperantes
349 895 385 958 in
403 915 450 959 se.

235 998 248 1032 ⁸
265 994 409 1062 Scribae
427 1003 462 1062 et
475 996 661 1062 Pharisaei
678 996 842 1063 dixerunt
859 996 903 1063 ad
919 997 1084 1062 Mariam:
1116 995 1170 1061 Tu
1187 1019 1224 1062 es
1240 1004 1352 1065 mater

150 1100 253 1166 istius
273 1098 444 1165 infantis?
480 1100 596 1165 Maria
611 1105 727 1165 autem
744 1099 846 1165 dixit:
876 1099 971 1168 Vere
989 1120 1052 1184 ego
1074 1120 1160 1165 sum.
1192 1099 1241 1165 Et
1258 1101 1351 1166 dixe·

149 1208 232 1267 runt
247 1203 392 1268 adeam:
414 1201 527 1269 Beata
543 1224 580 1269 es
596 1203 875 1286 intermulieres,
894 1201 1252 1287 quoniambenedixit
1263 1203 1349 1268 deus

150 1305 302 1370 fructum
322 1307 453 1371 ventris
475 1307 543 1388 tui,
570 1306 663 1389 qnod
683 1307 789 1373 talem
810 1306 1001 1391 gloriosum
1028 1305 1199 1371 infantem
1222 1311 1258 1371 et
1278 1306 1349 1370 tale

151 1408 278 1474 donum
295 1411 489 1494 sapientiae
501 1409 600 1475 dedit
614 1409 681 1474 tibi
699 1410 801 1494 quale
819 1430 997 1493 nunquam
1007 1407 1156 1474 vidimus
1173 1430 1238 1474 nec
1253 1408 1351 1474 audi·

150 1511 270 1576 vimus.
316 1512 327 1545 ⁴
345 1509 505 1577 Surrexit
520 1511 622 1576 Iesus
645 1517 681 1576 et
696 1519 838 1578 secutus
858 1516 912 1577 cst
927 1517 1072 1577 matrem
1089 1533 1197 1577 suam.
1235 1511 1350 1578 Maria

152 1620 268 1679 autem
285 1613 445 1679 servabat
469 1615 585 1679 omnia
606 1615 643 1679 in
666 1613 770 1680 corde
790 1635 853 1679 sno
870 1619 1002 1697 quanta
1023 1614 1111 1679 fecit
1126 1613 1227 1679 Iesus
1250 1615 1351 1698 signa

151 1738 275 1801 magna
304 1718 342 1781 in
365 1715 515 1800 populo,
545 1715 701 1782 sanando
733 1715 888 1781 infirmos
914 1716 1053 1782 multos.
1099 1716 1201 1781 Iesus
1233 1723 1350 1782 autem

152 1818 330 1885 crescebat
355 1825 490 1884 statura
515 1824 551 1884 ct
576 1818 765 1901 sapientia,
792 1824 827 1882 et
852 1821 1053 1902 omnesqui
1078 1818 1246 1884 videbant
1271 1841 1351 1884 enm

150 1922 393 2005 glorificabant
410 1921 512 1987 deum
528 1927 663 2005 patrem
679 1922 964 2004 omnipotentem,
988 1922 1049 2005 qui
1069 1921 1348 1988 estbenedictus

150 2026 184 2090 in
202 2026 322 2091 secula
339 2025 548 2106 seculorum,
569 2045 680 2089 amen.

233 2129 335 2195 Post
359 2128 460 2192 haec
486 2128 621 2193 omnia
645 2126 822 2192 Thomas
848 2126 1068 2192 Israelita:
1100 2126 1235 2212 Scripsi
1260 2148 1349 2211 quae

131 2214 217 2295 ¹uidi
234 2237 270 2296 et
285 2230 490 2297 recordatus
507 2251 583 2296 sum
600 2229 764 2313 gentibus
782 2235 817 2295 et
833 2230 1002 2295 fratribus
1019 2231 1166 2312 nostris,
1190 2237 1226 2295 et
1241 2231 1352 2295 multa

150 2334 217 2399 alia
242 2353 331 2416 quae
360 2333 447 2398 fecit
466 2332 586 2415 Iesus,
614 2332 674 2416 qni
699 2338 802 2397 natus
830 2339 884 2398 est
907 2333 944 2397 in
972 2333 1077 2398 terris
1097 2332 1220 2398 Iudae.
1255 2332 1349 2398 Ecce

153 2436 267 2500 omnia
297 2436 385 2501 vidit
414 2435 536 2501 domus
561 2434 674 2500 Israel
706 2456 727 2500 a
753 2436 864 2519 primo
896 2455 1007 2519 usque
1039 2434 1084 2500 ad
1114 2437 1349 2518 novissimum,

153 2545 283 2621 quanta
305 2540 405 2622 signa
426 2545 461 2604 et
486 2538 663 2605 mirabilia
683 2536 770 2603 fecit
790 2538 892 2603 Iesus
915 2539 951 2603 in
971 2539 1058 2621 ipsis
1079 2537 1179 2603 valde
1200 2538 1294 2603 bona
1315 2545 1351 2603 et

151 2640 342 2705 invisibilia
366 2642 458 2723 patri
486 2662 565 2723 suo,
597 2638 770 2723 quomodo
802 2646 943 2705 enarrat
967 2641 1144 2724 scriptura
1168 2646 1291 2705 sancta
1315 2647 1351 2705 et

151 2918 227 2967 Dicit
239 2922 321 2967 caum
334 2922 385 2967 ctc.
421 2912 433 2944 ⁹
449 2918 569 2968 Videatee
580 2923 663 2968 actem
676 2917 775 2975 iarbae,
793 2933 877 2966 omnes
888 2919 1009 2968 damni
1022 2944 1030 2954 ·
1043 2918 1128 2967 calcos
1132 2919 1206 2984 facit
1217 2935 1300 2969 omncs
1312 2935 1349 2981 ap.

151 3019 175 3051 aa
187 3020 222 3053 re.

217 3092 233 3138 3
253 3093 280 3138 ct
298 3092 323 3136 4.
350 3087 423 3137 Haec
442 3089 480 3138 eis
498 3090 664 3152 respondent
682 3106 751 3154 quaa
770 3104 864 3154 evang.
883 3089 976 3138 Thom.
998 3089 1091 3139 Graec
1108 3090 1130 3139 Δ
1149 3089 1224 3148 xix,
1245 3092 1308 3140 4et
1325 3090 1349 3138 5.

150 3173 238 3224 habat.
264 3173 334 3222 Item
347 3174 381 3222 ci.
394 3173 613 3225 Pseudo-Matth.
625 3174 679 3224 XI..
697 3191 728 3226 cr
741 3178 773 3224 B.
797 3174 896 3225 Eadem
908 3176 966 3225 fere
979 3174 1038 3224 cod.
1053 3175 1110 3225 Par.
1124 3176 1213 3238 capite
1226 3174 1348 3225 XLVIII.

150 3259 179 3320 (i.
193 3275 215 3309 a.
228 3256 364 3320 ultimum)
383 3258 510 3322 praebet,
529 3260 600 3324 qnod
618 3261 789 3311 inscribitur:
816 3260 1004 3310 Ooamicadacio
1016 3260 1076 3308 Iera
1093 3264 1119 3309 ct
1135 3260 1241 3309 Mariae
1258 3263 1351 3310 mairie

148 3347 208 3395 eiar.
234 3342 282 3393 eui
302 3345 386 3408 capiti
404 3343 544 3393 antecedit
560 3344 629 3393 illud
642 3345 714 3408 quod
726 3346 837 3395 titulum
851 3346 947 3396 habeti
976 3345 1084 3407 Quaado
1097 3344 1159 3407 (sic)
1171 3341 1244 3393 Iecur
1255 3347 1349 3395 coacti·

142 3430 243 3496 flcabai
261 3433 286 3478 ei
298 3428 459 3477 benedicebat
471 3429 637 3478 maumites.
661 3429 779 3495 incipitr
800 3429 859 3479 Cam
875 3435 958 3479 aarum
971 3430 1122 3480 conomiret.
1146 3429 1220 3488 Quae
1234 3430 1349 3494 quidem,

149 3531 206 3565 cnm
220 3529 272 3579 quo
287 3515 393 3578 egregie
406 3515 586 3572 conveniunt,
605 3514 640 3563 ad
652 3514 696 3564 Pr.
708 3515 808 3565 Matth.
822 3519 905 3578 capnt
916 3514 1050 3565 xxxxn.
1069 3514 1268 3578 adscripsimus.
1299 3515 1349 3565 His

148 3615 225 3649 vero:
252 3599 358 3648 Scribas
374 3603 400 3648 et
411 3598 548 3647 Pharisaei
560 3601 610 3648 etc.
624 3614 692 3663 quse
705 3599 885 3663 respondent,
903 3599 941 3648 sic
955 3606 1109 3664 comparata
1122 3605 1200 3649 sunt:
1223 3600 1306 3649 Scrib.
1324 3605 1352 3651 et

148 3686 227 3735 Pbar.
239 3685 360 3734 dixerant
376 3686 410 3733 ad
427 3685 528 3733 beatam
538 3684 668 3733 Mariani:
694 3684 757 3734 'str-
779 3684 850 3745 Quae
867 3685 950 3734 dicit.-
977 3684 1044 3734 Vere
1061 3700 1106 3749 epo
1122 3701 1184 3734 mm.
1213 3685 1264 3747 Qui
1280 3687 1349 3736 diae·

147 3775 207 3821 mr
218 3772 254 3820 ad
266 3787 335 3820 eam:
359 3773 406 3821 Be.
423 3785 450 3819 cr
467 3785 526 3834 erpo
545 3774 573 3818 ta
588 3771 657 3819 inter
668 3785 752 3819 amaea
762 3770 882 3819 maliem
893 3796 901 3806 -
914 3773 961 3829 tui,
974 3772 1018 3836 qai
1034 3776 1060 3820 et
1072 3775 1123 3819 tam
1132 3771 1201 3835 plor.
1218 3773 1266 3837 ias.
1279 3774 1351 3823 dedit

148 3858 201 3906 tibi.
228 3857 291 3907 Tale
302 3858 367 3907 eaba
378 3858 469 3906 dariam
481 3872 536 3920 cap.
549 3872 676 3920 nunquam
687 3856 794 3905 vidimus
805 3873 858 3906 aee.
872 3858 957 3907 aridia.
970 3858 997 3905 ia
1009 3857 1104 3921 aliquo.
1140 3852 1151 3885 ⁴
1163 3859 1255 3908 Maria
1267 3864 1350 3908 autem

147 3942 296 3993 observabat
315 3944 499 3993 bicordem
517 3947 614 4006 quanta
635 3945 687 4007 epit
704 3946 754 3993 Ier.
776 3946 803 3992 ia
823 3944 947 4009 papulam
965 3945 1113 4002 Indabara»,
1140 3945 1215 4009 sipara
1232 3945 1351 3996 videlicet

147 4045 239 4094 mapsa
256 4029 385 4091 operando
402 4033 428 4077 ct
445 4029 561 4093 infimas
575 4031 703 4088 ranam,
719 4035 832 4079 monam
843 4031 990 4080 medianda
1008 4034 1034 4079 et
1044 4031 1152 4080 aimus
1163 4030 1293 4093 plurimae
1300 4034 1349 4097 sa·

148 4117 243 4164 aenae.
272 4115 344 4163 Iecur
356 4119 438 4163 autem
451 4113 580 4162 arrectae
597 4116 624 4162 ia
636 4120 738 4165 dataro
756 4120 781 4164 et
793 4117 934 4178 sapientiae
946 4117 1020 4166 doro.
1054 4116 1273 4182 Glorrficaveraat
1288 4133 1349 4181 erpo

147 4220 229 4254 maner
246 4205 289 4267 qai
305 4207 428 4252 mmai
443 4220 497 4252 eam
514 4204 587 4252 dmm
602 4208 703 4266 patrem
719 4205 924 4266 armipotentes,
944 4205 987 4269 qai
1004 4208 1042 4254 ert
1060 4203 1246 4252 benedictoria
1263 4203 1350 4253 recula

146 4290 296 4347 cecam,
309 4305 388 4337 amen.

215 4377 228 4402 ’
246 4377 343 4426 amia:
361 4374 487 4425 secundis
500 4376 571 4426 curis
583 4374 705 4425 additum
719 4377 761 4424 cat
775 4371 779 4439 1
793 4373 934 4423 Israelita:
953 4374 1037 4425 codex
1052 4371 1188 4440 paraclito
1201 4372 1205 4439 Ι
1214 4375 1351 4439 fratribar

145 4463 255 4512 naama.-
272 4466 336 4512 ante
353 4463 449 4512 norim
466 4464 495 4514 in
513 4461 750 4520 roriconem,
769 4459 816 4510 red
829 4461 938 4524 punctis
957 4460 1124 4525 improbatur
1144 4458 1148 4526 Ι
1166 4463 1193 4509 et
1209 4459 1351 4509 invisibilia

1079 4542 1133 4594 12·
