3000 4912
172 327 197 371 χ
635 309 906 361 escausouuss.

264 463 360 527 Tertii
370 466 489 547 penoris
504 461 632 526 libellos
648 461 808 527 edidimus
824 461 991 527 tredecim.
1019 461 1169 527 Primum
1185 462 1285 527 hosce
1301 483 1371 526 sex:

174 572 302 640 Gesta
328 570 458 638 Pilati
485 593 629 656 graece
651 573 700 655 A,
732 594 876 658 graece
898 572 942 652 B;
973 573 1053 637 item
1081 572 1196 639 eadem
1223 573 1371 652 latine;

172 684 419 750 Descensum
447 683 602 750 Christi
630 684 677 749 ad
703 683 860 772 inferos
888 704 1049 767 graeoe;
1080 684 1161 749 item
1187 685 1315 750 latine
1338 686 1372 750 A

172 801 207 860 et
228 796 358 860 latine
380 795 420 861 Β.
463 796 639 861 Pertinent
660 796 744 861 haec
766 796 878 860 omnia
899 794 941 860 ad
964 793 1171 879 evangelium
1193 795 1370 862 Nicodcmi

173 907 262 990 quod
277 907 342 972 dici
363 908 457 990 solet,
480 909 573 974 cuius
587 907 669 973 duas
691 912 805 991 partes
826 907 956 972 idoneis
979 907 1020 972 de
1042 907 1169 972 caussis
1192 908 1371 990 separatim

172 1017 330 1084 dedimus.
364 1017 494 1083 Rursus
514 1040 592 1083 vero
615 1011 711 1083 tanta
733 1023 784 1083 est
805 1039 907 1101 quum
930 1019 965 1082 in
983 1039 1102 1101 graeco
1123 1018 1303 1087 Gestorum
1322 1019 1371 1083 Pi-

171 1130 232 1195 lati
254 1135 325 1195 tum
347 1132 382 1194 in
404 1130 508 1195 latino
528 1129 718 1194 Descensus
733 1129 862 1196 Christi
884 1136 979 1195 textu
1002 1132 1215 1213 antiquorum
1237 1130 1371 1195 testium

172 1239 399 1324 discrepantia
420 1247 459 1306 ut
481 1240 563 1306 duae
586 1248 676 1306 certe
698 1242 909 1335 recensiones
932 1242 1092 1325 distingui
1115 1241 1264 1322 debeant,
1290 1263 1371 1325 qua-

171 1373 244 1416 rum
266 1358 442 1435 utramque
465 1353 598 1435 plenam
620 1358 654 1417 et
675 1353 867 1418 continuam
889 1353 1215 1435 repraesentavimus
1254 1352 1296 1418 In
1318 1353 1370 1418 his

172 1484 260 1529 nunc
296 1466 440 1546 primum
477 1486 497 1530 a
532 1464 628 1529 nobis
665 1464 774 1529 editur
813 1467 950 1529 textus
989 1464 1204 1533 Gestorum
1241 1464 1370 1530 Pilati

170 1597 340 1658 graecus
366 1575 396 1640 B
427 1597 468 1640 ex
499 1575 606 1640 tribus
638 1576 823 1657 codicibus,
853 1577 933 1641 item
961 1597 1002 1640 ex
1030 1574 1171 1641 totidem
1202 1575 1370 1641 codicibus

169 1686 325 1750 latinus
352 1691 489 1752 textus
516 1685 601 1752 altor
623 1687 728 1753 libelli
752 1708 850 1770 quem
871 1686 1118 1753 Descensum
1139 1686 1294 1753 Christi
1322 1687 1370 1754 ad

169 1796 323 1864 inferos
352 1797 502 1863 diximus
546 1797 600 1863 De
627 1797 722 1862 libris
750 1796 888 1881 reliquis
916 1804 1060 1881 quatuor
1089 1797 1216 1865 Gesta
1241 1797 1369 1863 Pilati

170 1928 313 1990 graece
335 1910 369 1973 A
398 1909 622 1974 recensuimus
649 1908 691 1974 ad
713 1929 849 1991 graecos
873 1909 1003 1974 codices
1025 1914 1113 1993 octo,
1143 1930 1281 1992 quorum
1303 1910 1369 1975 duo

169 2019 391 2085 Monacenses
413 2021 534 2085 iterum
557 2026 591 2085 et
612 2025 767 2086 accurate
790 2020 1005 2103 contulimus,
1027 2026 1096 2085 tres
1119 2021 1202 2087 alios
1224 2020 1368 2086 sednon

169 2130 317 2214 integros
344 2131 445 2214 primi
469 2132 679 2196 excussimus
724 2132 907 2197 Praeterea
928 2130 1140 2196 adhibuimus
1162 2131 1260 2213 primi
1284 2152 1368 2196 sum·

79 2229 82 2237 ¹
169 2262 241 2307 mae
256 2244 433 2308 vetustatis
451 2241 609 2325 reliquias
624 2242 716 2325 duas,
739 2236 863 2308 alteras
879 2247 996 2326 coptus
1010 2263 1225 2325 papyraceas‚
1247 2242 1368 2307 alteras

168 2354 342 2436 pauciores
357 2355 478 2420 latinas
500 2375 541 2419 ex
563 2355 778 2437 palimpsesto
802 2355 914 2420 codice
937 2355 1085 2420 haustas.
1129 2354 1234 2419 Porro
1257 2374 1368 2436 grae-

169 2487 255 2530 cum
276 2464 506 2531 Descensus
522 2464 676 2532 Christi
700 2471 854 2530 textum
875 2466 918 2531 ad
941 2465 1070 2531 codices
1094 2465 1368 2531 conformavimus

167 2581 252 2658 tres,
281 2598 423 2659 quorum
449 2577 754 2660 praestantissimus
781 2576 928 2642 nondum
949 2578 1151 2643 innotuerat.
1194 2566 1368 2642 Latinus

169 2709 245 2752 vero
272 2694 385 2755 noster
407 2688 625 2756 Gestorum
647 2689 777 2754 Pilati
806 2693 943 2753 textus
972 2711 992 2754 a
1015 2688 1168 2753 'Philonis
1190 2688 1367 2771 plurimum

169 2798 292 2883 differt3
315 2800 438 2881 quippe
455 2819 553 2881 quem
576 2799 619 2864 ad
641 2805 717 2866 octo
740 2804 853 2882 testes,
876 2780 1017 2882 quorum
1032 2801 1179 2882 quinque
1193 2797 1368 2864 'Philonem

168 2909 346 2992 latuerant,
369 2930 540 2975 recensere
563 2909 696 2976 licebat.
739 2910 853 2976 Minor
875 2911 963 2975 inter
978 2909 1151 2976 'Philonem
1175 2916 1208 2975 et
1231 2932 1282 2975 me
1303 2910 1368 2976 dis-

169 3021 340 3103 crepantia
367 3027 419 3085 est
446 3022 481 3084 in
507 3021 641 3086 altero
664 3021 796 3086 latino
819 3026 933 3086 textu
954 3021 1185 3086 Descensus
1209 3021 1366 3088 Christi

168 3131 216 3198 ad
241 3131 410 3212 inferos
439 3153 640 3214 quamquam
667 3136 701 3196 et
728 3132 836 3215 ipsum
858 3132 1073 3214 expluribus
1095 3133 1187 3197 novis
1210 3134 1366 3198 subsidiis

70 3243 96 3318 J
168 3248 201 3308 et
224 3242 468 3309 emendavimus
491 3247 525 3307 et
547 3242 792 3308 illustravimus

253 3354 311 3419 Ad
325 3353 411 3418 idem
423 3359 542 3418 tadum
551 3356 826 3440 pmuapertinent
840 3355 1061 3439 Anaphora
1075 3354 1203 3421 Pilati
1224 3377 1365 3438 graece

167 3466 201 3530 A
230 3470 264 3530 et
291 3474 432 3548 graece
454 3464 497 3549 B,
529 3466 610 3530 item
632 3465 850 3531 Paradosis
872 3465 1001 3531 Pilati
1028 3487 1171 3548 graece
1199 3473 1233 3532 et
1260 3466 1366 3533 altera

167 3578 296 3643 Pilati
319 3576 497 3658 epistola
518 3576 655 3642 latine.
700 3577 835 3643 Priores
852 3583 921 3642 tres
937 3599 1074 3661 graecos
1089 3578 1222 3644 libellos
1237 3579 1285 3643 ita
1299 3578 1366 3643 edi·

167 3689 274 3753 dimus
296 3693 334 3752 ut
356 3688 515 3770 cuiusque
538 3692 666 3752 textum
688 3687 732 3752 ad
755 3689 901 3771 quinque
925 3688 1055 3754 codices
1079 3690 1365 3773 constitueremus,

167 3819 307 3882 quorum
338 3799 495 3864 maiorem
526 3804 657 3881 partem
688 3818 728 3863 ex
759 3798 970 3865 bibliothecis
1002 3800 1244 3883 exscripsimus
1292 3798 1365 3866 Neo

167 3908 250 3975 nihil
271 3908 347 3973 inde
371 3909 510 3974 subsidii
531 3909 707 3975 habuimus
730 3909 773 3975 ad
801 3910 1016 3993 repetendam
1044 3911 1213 3975 latinam
1235 3911 1386 3977 Pilati

168 4018 382 4104 epistolam
405 4041 477 4085 eam
497 4042 581 4102 quae
604 4021 783 4103 separatim
807 4020 859 4086 edi
883 4022 980 4086 solet:
1003 4021 1173 4086 alteram
1196 4022 1283 4086 enim
1305 4043 1364 4087 nos

165 4151 300 4216 quoque
323 4152 363 4195 ex
386 4130 535 4196 codicum
557 4132 757 4197 auctoritate
780 4131 821 4197 ad
843 4132 942 4197 finem
965 4127 1154 4198 Descensus
1174 4132 1299 4199 Christi
1321 4132 1364 4197 ad

165 4241 290 4307 inferos
317 4242 419 4306 latine
443 4241 477 4306 A
506 4241 729 4322 adiunximus,
761 4263 801 4307 ex
828 4241 978 4326 pluribus
1006 4242 1216 4309 emendatam
1243 4244 1365 4308 instru-

166 4353 294 4418 mentis
