3000 4912
146 326 233 372 XXVI
614 307 887 360 Pnounooosssns.

148 467 209 539 feci
229 465 268 527 ob
291 465 425 546 irffontio
448 486 514 526 men
537 473 572 525 ut
592 499 604 510 ·
627 466 658 525 in
680 484 741 546 qno
763 484 809 524 me
830 462 947 542 confido
969 462 1029 544 ipsi
1048 460 1106 522 soli
1125 463 1222 522 oiocre
1243 470 1272 522 et
1292 462 1351 544 ipsi

145 575 204 638 soli
223 578 349 638 servire:
371 578 452 638 etin
474 579 539 659 ipso
561 575 706 658 manduc
727 577 829 636 vixero
851 576 914 636 sine
930 573 1096 656 pollutione
1111 574 1303 656 permanebo.

231 686 274 751 In
302 684 426 750 cdondo
455 691 567 750 sutem
591 677 642 750 'its
669 685 791 750 versati
823 705 936 749 sumus
967 690 1004 748 ut
1034 689 1161 748 textum
1189 683 1348 750 Vaticani

146 796 283 880 codicis,
312 818 409 880 quem
432 818 455 861 n
482 796 639 876 diximus,
671 796 864 880 plerumque
892 816 1120 879 sequeremur,
1151 794 1348 859 lectionibus

147 907 271 975 codicis
300 908 519 974 Laurentium
555 908 575 972 i.
603 929 629 972 c.
660 928 696 990 s,
727 909 807 972 item
837 907 1038 972 Parisiensis
1068 928 1156 970 num.
1179 908 1272 971 5559.
1304 905 1348 969 Α.

148 1019 320 1101 (Gotolorii
358 1025 506 1103 temporo
542 1041 630 1084 num.
652 1021 760 1101 2256.)
799 1019 925 1085 sacculi
957 1017 1055 1086 XIV.
1088 1017 1192 1100 (apud
1222 1039 1284 1082 nos
1314 1024 1347 1100 o)

147 1137 181 1197 et
212 1131 349 1196 alterius
371 1131 571 1196 Parisiensis
603 1152 690 1195 num.
716 1132 807 1196 1652.
838 1130 961 1195 saeculi
982 1128 1063 1197 XV.
1096 1128 1200 1212 (opud
1226 1134 1346 1209 noso)

146 1243 182 1307 in
204 1243 443 1307 commentario
468 1242 632 1307 exhibitis.
676 1242 880 1307 Posterioris
903 1242 990 1305 enim
1011 1240 1133 1305 codicis
1148 1241 1348 1305 Porisiensis

145 1354 306 1419 lectiones
329 1353 426 1418 Thilo
449 1355 572 1437 passim
595 1353 637 1418 od
665 1376 760 1419 suum
789 1359 915 1418 textum
944 1352 1132 1432 adnotavit3
1162 1357 1349 1434 praeteren-

147 1486 211 1548 que
239 1464 391 1530 cxhibuit
416 1465 648 1548 inscriptiones
675 1464 882 1547 singulorum
906 1485 990 1546 quac
1017 1465 1051 1528 in
1075 1486 1113 1527 eo
1137 1462 1249 1528 codice
1271 1469 1350 1527 sunt

148 1577 294 1659 capitum
317 1577 405 1640 hunc
428 1576 463 1639 in
484 1575 630 1641 modum:

233 1688 258 1751 I.
291 1689 341 1751 De
357 1699 450 1773 patre
471 1698 500 1750 et
520 1698 617 1751 matre
637 1698 761 1751 sanotae
775 1686 900 1750 Morino
917 1689 1051 1771 oirqinis.
1097 1686 1141 1750 II.
1162 1688 1215 1749 De
1233 1706 1348 1747 recessu

148 1799 284 1862 Ioacbim
298 1801 337 1863 ob
353 1800 456 1863 Anno.
502 1799 565 1864 III.
585 1800 641 1862 De'
658 1821 794 1884 reoressu
817 1799 953 1862 Ioocbim
975 1799 1019 1860 od
1031 1799 1166 1862 Annam.
1211 1796 1271 1858 IV.
1297 1797 1348 1859 De

147 1920 215 1974 ortu
233 1912 337 1974 beatae
351 1912 484 1974 Mariae.
528 1911 562 1975 V.
586 1911 637 1973 De
651 1914 826 1996 oratiorum
846 1913 962 1973 actione
976 1910 1094 1973 Annae.
1136 1908 1187 1972 VI.
1204 1910 1255 1972 De
1270 1931 1349 1971 com·

147 2023 335 2085 mercdotr'one
354 2023 458 2086 beotoe
473 2023 605 2086 Mariae.
659 2023 729 2086 VII.
751 2023 803 2085 De
817 2033 884 2085 uoto
898 2025 1081 2106 oirqinitotis
1095 2023 1200 2084 beatae
1214 2019 1348 2083 Mariae.

156 2133 244 2197 VIII.
272 2133 377 2211 Quare
391 2135 479 2197 beato
494 2134 603 2197 Morio
619 2136 859 2226 commisso'fuit
872 2133 988 2218 Iosepb.
1035 2133 1095 2196 IX.
1117 2133 1168 2196 De
1187 2135 1350 2195 annuntio-
1393 2204 1397 2217 ι

148 2249 226 2308 tione
247 2246 407 2308 dominico.
454 2246 497 2310 X.
526 2246 578 2308 De
599 2249 745 2308 moestitia
768 2245 875 2329 Iosepb
896 2268 957 2328 pro
979 2246 1067 2308 bento
1088 2242 1197 2306 Morio
1216 2244 1350 2328 qrooido

147 2359 276 2420 invento.
322 2356 383 2420 XI.
407 2357 459 2419 De
477 2357 676 2419 consolatione
693 2356 800 2440 Iosepb
811 2360 909 2440 facto
924 2379 983 2440 per
1004 2356 1154 2441 onqelum.
1200 2355 1278 2417 XII.
1298 2355 1350 2417 De

148 2468 301 2531 calomnia
324 2469 507 2532 Iudaeorum
534 2471 566 2531 in
589 2468 695 2552 Iosepb
723 2478 753 2530 et
777 2469 863 2531 bento
889 2471 1006 2553 oirqinc
1024 2471 1129 2553 fonto.
1173 2466 1271 2530 XIII.
1299 2467 1352 2529 Dc

149 2590 279 2664 tempore
300 2590 384 2642 ortus
409 2579 525 2644 Christi
549 2590 578 2642 et
598 2580 715 2642 duobccs
737 2580 940 2642 obstetricibus
962 2588 991 2641 et
1009 2579 1186 2664 pastoribus
1207 2588 1236 2639 et
1254 2579 1348 2641 stello.

149 2690 246 2754 XIV.
267 2691 319 2753 De
333 2713 452 2774 eqressu
468 2692 571 2753 beatae
585 2691 710 2754 Morino
723 2715 744 2752 o
758 2692 900 2776 spelunca
916 2697 947 2753 in
956 2689 1171 2775 praesepioff).
1206 2690 1282 2753 XV.
1299 2690 1352 2752 De

148 2804 373 2865 circoncisione
393 2803 510 2864 domini
529 2812 558 2863 ot
578 2803 707 2865 adventu
730 2825 888 2888 moqorum
913 2806 943 2864 in
962 2801 1134 2865 Ierusalem.
1181 2801 1220 2863 X
1225 2800 1275 2863 VI.
1298 2801 1351 2863 De

154 2913 312 2997 Ypopnnti
340 2913 462 2975 domini.
518 2912 558 2974 X
561 2912 630 2975 VII.
659 2913 711 2975 De
738 2936 806 2976 nece
830 2935 997 2996 puerorum
1024 2923 1053 2975 et
1070 2917 1158 2998 fuya
1184 2912 1290 2996 Iosepb
1318 2915 1350 2973 in

150 3024 330 3108 Aeyypturn.
377 3022 508 3086 XVIII.
533 3022 690 3100 Quomodo
708 3023 792 3086 Iesus
813 3025 930 3086 sedavit
949 3025 1103 3087 dracones.
1149 3023 1245 3086 XIX.
1266 3021 1349 3100 Quo-

150 3133 238 3195 modo
260 3133 356 3195 leones
378 3144 406 3195 et
427 3136 524 3217 pardi
544 3134 643 3197 Iesum
665 3144 736 3197 sunt
755 3138 854 3198 secuti.
901 3135 978 3197 XX.
1006 3137 1058 3198 De
1074 3134 1183 3220 palmo
1205 3134 1351 3198 inclinato

145 3265 203 3326 per
235 3244 333 3305 Iesum
365 3267 478 3329 aquom
509 3246 701 3329 producente.
758 3245 854 3309 XXI.
887 3246 938 3308 De
967 3248 1164 3311 benedictione
1195 3247 1296 3331 palmi
1325 3257 1353 3309 et

148 3357 231 3416 romi
256 3357 318 3416 eius
345 3355 550 3420 translatione.
603 3355 717 3418 XXII.
749 3356 800 3418 De
827 3359 929 3418 itincre
955 3379 1012 3440 per
1040 3356 1138 3419 Iesum
1169 3359 1349 3421 obbreoioto.

149 3464 282 3527 XXIII.
325 3465 481 3543 Quomodo
513 3470 647 3551 incresso
679 3466 747 3529 Iesu
779 3470 810 3529 in
841 3468 1012 3552 Aeqyptum
1045 3469 1126 3532 idolo
1163 3481 1350 3533 corruerunt.

149 3575 280 3639 XXIV.
302 3578 354 3640 De
375 3579 487 3640 bonore
511 3577 578 3640 Iesu
600 3577 728 3640 ecbibito
745 3600 803 3661 per
821 3581 1021 3662 Afrodisium.
1066 3580 1178 3643 XXV.
1200 3567 1252 3642 De
1268 3584 1352 3665 pisce

148 3688 237 3749 crido
263 3691 342 3750 vitoe
363 3691 505 3752 restituto.
551 3687 681 3751 XXVI.
712 3689 765 3751 De
791 3691 855 3750 risu
884 3688 952 3752 Iesu
977 3701 1104 3774 propter
1128 3714 1270 3775 passeres
1295 3694 1354 3755 sibi

149 3800 273 3860 inuicem
302 3799 483 3862 insidiantes.
537 3798 611 3861 XX
616 3797 685 3861 VII.
717 3798 780 3875 Dc,
794 3821 912 3883 cyressn
935 3799 1003 3863 Iesu
1031 3811 1059 3862 et
1080 3801 1205 3865 Morino
1229 3805 1265 3864 dc
1286 3804 1351 3868 Ae·

146 3919 250 3993 yypto.
295 3908 461 3972 XXVIII.
490 3910 541 3971 De
563 3932 645 3995 nqno
667 3909 800 3993 pluviali
820 3911 990 3992 clorfficotn
1012 3923 1040 3974 et
1061 3915 1159 3974 decem
1176 3917 1352 3997 passeribus

149 4021 185 4082 de
207 4020 268 4082 luto
279 4021 382 4102 factis
405 4023 436 4082 in
458 4020 591 4083 sabbato.
636 4020 767 4083 XXIX.
790 4020 842 4082 De
857 4021 1029 4085 Pborisoeo
1050 4034 1167 4085 mortuo
1189 4025 1233 4087 od
1252 4047 1352 4088 vocem

149 4130 226 4193 Iesu.
264 4129 377 4192 XXX
404 4131 452 4192 De
468 4152 566 4215 puero
587 4135 641 4215 qui
655 4133 807 4215 percussit
825 4131 924 4194 Iesnm
947 4138 1037 4196 morti
1057 4135 1168 4197 tradito
1191 4138 1352 4221 ctqnibus·

148 4241 220 4303 dom
249 4243 390 4303 coecitate
414 4241 572 4325 perculsis.
618 4240 750 4304 XXXI.
788 4241 880 4319 Quod
900 4242 983 4306 Iesus
1004 4245 1162 4328 probibuit
1184 4246 1290 4331 Iosepb
1317 4270 1353 4310 ne

143 4373 202 4434 per
224 4353 304 4412 iram
326 4354 424 4435 ipsum
448 4360 591 4436 tonqeret.
637 4351 786 4415 XXXII.
816 4352 867 4414 De
890 4353 1031 4416 Zocboeo
1059 4359 1204 4440 moqistro
1227 4357 1295 4420 Iesu
1322 4368 1352 4420 et
