2962 4912
135 292 196 354 424
489 289 616 341 RVANG.
636 288 811 340 alconem
839 289 924 339 PARS
944 289 979 341 11.

136 444 205 508 noli
229 443 354 523 timere,
377 443 511 524 antique
534 441 637 505 amice
661 440 879 524 nequissime:
909 441 988 523 quia
1010 462 1070 524 ego
1094 441 1255 525 populum
1277 441 1325 507 Iu·

137 550 291 614 ‹iaeorum
326 547 488 612 concitavi
521 546 677 610 adversus
709 567 797 628 cum,
829 546 933 629 alapis
961 568 1034 611 eum
1058 545 1151 611 feriri
1181 549 1326 632 praecepi

137 660 170 719 et
192 653 404 718 traditionem
427 672 486 735 per
509 651 579 717 eins
602 651 799 734 discipulum
822 651 856 715 in
876 672 951 717 eum
967 650 1095 734 peregi3
1119 656 1155 716 et
1170 651 1327 719 esthemo

138 758 276 824 muitum
298 757 418 821 timens
441 761 591 837 mortem,
613 755 670 839 qui
693 777 732 821 ex
755 756 875 821 timore
898 754 995 819 dixit:
1018 755 1142 821 'Pristis
1161 760 1213 822 est
1228 756 1329 823 anime

139 882 212 926 mea
233 881 337 943 usque
361 858 402 924 ad
425 865 581 940 mortem;
609 858 705 924 etad
727 859 811 924 hanc
835 859 929 924 illurn
952 859 1104 943 perduxi,
1135 858 1218 943 qnia
1239 858 1328 927 modo

137 965 263 1031 levatus
285 965 320 1028 in
344 985 440 1030 cruce
462 964 584 1048 pendit.

225 1076 347 1142 8Τιιῐιο
370 1076 518 1142 infernus
542 1076 590 1141 eit
611 1076 651 1140 ad
675 1098 766 1141 eum:
799 1075 835 1142 Si
862 1075 933 1160 ipse
956 1083 1006 1141 est
1029 1077 1087 1160 qui
1108 1075 1274 1142 Lazarum
1296 1077 1330 1144 de

139 1180 211 1244 sinu
235 1201 308 1243 meo
332 1178 397 1242 iam
414 1177 667 1262 quatriduanum
692 1179 764 1242 solo
788 1178 886 1243 verbo
910 1178 1040 1262 imperii
1063 1176 1116 1243 sui
1135 1178 1227 1243 velut
1248 1180 1332 1263 aqui·

137 1284 201 1348 lam
232 1279 364 1346 avolare
391 1280 485 1364 fecit,
516 1281 579 1345 iste
605 1302 672 1345 non
694 1281 794 1345 homo
819 1282 924 1346 estin
947 1282 1154 1346 humanitate
1177 1281 1332 1347 seddeus

139 1391 189 1448 est
221 1383 254 1447 in
286 1383 466 1448 maiestate.
519 1383 616 1466 Rogo
649 1389 681 1446 te
713 1404 754 1447 ne
789 1383 949 1466 perducas
981 1406 1055 1449 eum
1088 1383 1129 1449 ad
1161 1404 1224 1448 me.
1275 1382 1330 1450 Oui

140 1486 243 1552 Satan
266 1486 329 1551 ait:
360 1487 529 1569 Praepara
556 1492 588 1550 te
617 1493 742 1570 tamen,
765 1508 806 1551 ne
829 1486 960 1551 timeas:
993 1486 1158 1570 quinium
1182 1486 1218 1550 in
1241 1508 1332 1553 cruce

139 1589 273 1674 pendet,
304 1611 372 1654 non
405 1612 536 1673 possum
566 1590 656 1655 aliud
685 1612 791 1673 agere.
836 1590 930 1655 Tunc
953 1592 1102 1656 infernus
1126 1590 1270 1656 Satanae
1291 1592 1332 1657 ita

140 1695 326 1778 porintulit:
358 1695 393 1760 Si
422 1717 499 1778 ergo
528 1695 617 1760 aliud
647 1717 744 1778 agere
767 1717 833 1760 non
856 1701 965 1779 potes,
993 1719 1068 1761 ecce
1092 1696 1331 1781 appropinquat

140 1804 197 1862 tua
227 1797 379 1881 perditio.
423 1799 497 1882 Ego
521 1798 662 1881 denique
691 1798 837 1863 deiectus
866 1804 898 1862 ct
927 1799 996 1865 sine
1023 1800 1153 1865 honore
1182 1799 1330 1866 manebo:
1368 1810 1374 1824 ·

140 1908 176 1967 tu
200 1908 310 1969 tamen
335 1902 501 1968 cruciatus
524 1902 583 1967 sub
606 1924 680 1967 meo
705 1901 769 1967 eris
792 1901 949 1968 dominio.

565 2176 683 2243 Carus
705 2177 767 2245 IV.
805 2176 911 2261 (XX)

227 2348 447 2414 ¹Audiebant
483 2354 592 2414 autem
628 2350 734 2414 sanciti
765 2349 817 2414 dei
850 2348 1096 2415 contentionem
1129 2347 1275 2415 Satanae
1303 2355 1328 2415 et

138 2453 274 2533 inferni3
297 2453 360 2536 ipsi
384 2459 494 2517 tamen
522 2453 629 2518 adhuc
657 2454 745 2519 intra
773 2475 807 2518 se
834 2453 967 2517 minime
995 2473 1030 2516 se
1056 2458 1325 2535 recognoscentes

139 2557 354 2624 nihilominus
393 2564 487 2622 erant
523 2559 558 2622 in
596 2558 794 2643 cognitione.
838 2556 904 2624 Sed
935 2562 1069 2622 sanctus
1099 2563 1197 2639 pater
1228 2567 1327 2625 noster

139 2660 249 2726 Adam
282 2660 329 2724 ita
357 2658 500 2726 Satanae
532 2661 705 2744 respondit
735 2682 794 2743 per
826 2660 952 2725 emnia:
984 2660 1063 2725 Dux
1095 2660 1231 2743 mortis,
1262 2661 1325 2744 quid

141 2761 298 2826 formidas
323 2768 356 2826 ct
379 2762 550 2844 trepidas?
579 2763 746 2826 Dominus
769 2784 845 2827 ecce
864 2763 954 2827 venit
970 2763 1027 2845 qui
1051 2762 1163 2828 omnia
1185 2763 1326 2845 figmenta

140 2870 197 2929 tua
228 2886 314 2929 nunc
342 2863 503 2947 destruet,
535 2872 568 2929 et
599 2872 634 2930 tu
664 2871 778 2946 captus
806 2865 847 2930 ab
876 2887 914 2930 co
944 2866 1169 2948 religatusque
1193 2865 1259 2930 eris
1279 2888 1325 2948 per

141 2969 259 3033 secula.

228 3079 348 3145 2Τιιῐιο
374 3104 488 3145 onrnos
513 3082 617 3145 sancti
643 3081 813 3146 audientes
838 3104 951 3145 verrem
976 3083 1080 3164 patris
1104 3083 1210 3146 nostri
1235 3082 1323 3164 Adae,

144 3208 240 3269 quam
265 3191 456 3250 constanter
479 3186 620 3254 Satanae
644 3184 816 3270 respondit
838 3208 897 3271 per
920 3186 1038 3269 omnia,
1062 3186 1096 3251 in
1119 3185 1240 3270 gaudio
1263 3209 1324 3251 con·

141 3450 303 3513 nequim'me:
328 3451 389 3513 quia
407 3465 465 3497 cum
485 3463 499 3499 c
519 3484 544 3498 ..
564 3460 598 3498 en
617 3464 658 3496 om
684 3446 688 3510 Ι
712 3452 736 3495 et
754 3452 792 3497 ert
809 3450 879 3497 donno
898 3474 907 3483 -
925 3448 992 3497 deicit
1010 3464 1067 3497 cum
1088 3461 1112 3505 c,
1140 3448 1204 3498 item
1223 3465 1238 3501 Δ
1255 3454 1278 3497 et
1292 3452 1323 3499 to.

141 3542 178 3585 ee!
196 3540 268 3584 mort.
289 3536 342 3585 iim.
361 3539 385 3583 et
403 3535 489 3584 dicens
508 3570 537 3584 ..
559 3548 575 3585 u
593 3539 617 3583 et
635 3535 676 3583 dic
694 3536 782 3584 timens
800 3540 873 3585 mort.
893 3535 960 3584 dixit
975 3537 980 3593 Ι
996 3547 1012 3584 Β
1031 3540 1055 3583 e!
1074 3537 1131 3585 ideo
1149 3551 1225 3599 usque
1243 3536 1274 3584 ad
1289 3538 1325 3585 tce

142 3621 214 3669 illurn
228 3621 340 3683 perdunt
358 3625 383 3669 et
401 3622 451 3668 iam
469 3622 540 3670 modo
560 3629 611 3669 ute.

226 3710 251 3756 3.
289 3706 368 3756 ΟΜ
393 3707 438 3766 IV,
458 3710 481 3757 3.
512 3708 676 3773 infernus..
703 3708 842 3772 cinseruc.
880 3708 947 3757 Item
967 3707 1041 3757 alibi.
1064 3705 1069 3768 1
1090 3708 1121 3755 Si
1139 3708 1193 3769 ipre
1210 3711 1327 3757 eet-non

146 3791 210 3854 (cdd
229 3791 284 3852 orn)
303 3793 373 3840 domo
391 3796 429 3841 ert
446 3818 456 3829 ·
474 3793 619 3842 matemala:
638 3793 676 3842 ita
695 3808 726 3851 a3
747 3793 838 3856 paucis
857 3792 984 3842 differunt
1002 3805 1045 3843 nc.
1068 3792 1073 3849 1
1094 3793 1188 3855 pendet
1205 3807 1261 3841 curn
1279 3805 1327 3842 n..

147 3892 180 3930 Ac
198 3879 309 3943 pendens
333 3881 337 3939 i
359 3879 497 3943 perintulit
516 3895 574 3929 cum
593 3895 617 3938 c,
636 3881 778 3945 Apertudit
798 3917 803 3929 .
820 3915 826 3928 .
846 3893 863 3929 Β
881 3880 949 3929 dixit
972 3878 977 3940 Ι
1001 3895 1018 3930 A
1034 3880 1165 3944 proiectus
1187 3880 1193 3939 Ι
1216 3883 1242 3927 tn
1259 3883 1330 3928 tm

149 3963 176 4025 (c
194 3962 300 4027 recipior)
320 3963 456 4012 -dominio
475 3980 533 4012 cum
552 3976 585 4015 uc
606 3999 634 4014 ..
655 3981 671 4016 r
690 3969 765 4028 tepere
783 3964 827 4013 aad
846 3981 898 4013 meo
916 3965 1087 4014 dominaberis
1104 3965 1228 4013 μηνίων.

236 4046 280 4103 1v,
301 4048 323 4096 1.
353 4061 368 4097 c
387 4047 575 4111 contentiones!
592 4050 690 4097 minime
708 4065 747 4096 ne:
766 4048 880 4097 eddom
900 4066 925 4097 re
940 4047 944 4111 Ι
961 4049 988 4097 in
1006 4049 1161 4111 ropnitn'one:
1179 4047 1240 4097 cdd.
1251 4063 1332 4097 omnen

150 4137 204 4179 tros
224 4131 321 4179 habore
341 4130 467 4180 videntur
484 4133 614 4195 inropm'ti.
631 4132 634 4195 Ι
657 4133 707 4181 Sed
727 4170 734 4182 .
752 4168 758 4182 .
779 4148 794 4184 c
815 4133 923 4182 Tandem
939 4131 944 4196 Ι
959 4133 1025 4182 oeni!
1045 4168 1052 4182 .
1069 4168 1075 4182 .
1095 4144 1113 4182 Β
1131 4133 1245 4180 adonici
1259 4129 1265 4196 Ι
1278 4148 1333 4180 nnnc

144 4250 173 4265 ..
194 4230 211 4267 Δ
230 4232 271 4265 om
287 4214 292 4279 1
308 4229 324 4266 Β
343 4232 383 4265 om
405 4221 429 4264 et
447 4221 473 4266 ta
493 4222 591 4282 captus,
610 4220 674 4268 item
695 4236 740 4283 que

231 4306 255 4351 2.
292 4302 332 4351 Ct'.
351 4302 374 4352 A
394 4303 444 4351 ΙΙΙ.
476 4309 644 4367 qnameonet.
663 4331 673 4341 ·
692 4307 844 4369 peremnia
863 4321 921 4353 erim
941 4318 973 4354 nr
992 4341 1018 4355 ..
1039 4321 1055 4356 Α
1074 4309 1153 4354 cond.
1175 4307 1334 4354 Sarma

141 4390 276 4453 pendentia
291 4388 296 4452 1
312 4397 536 4455 conrewenrerque
555 4422 564 4431 -
583 4391 729 4455 conplebati
748 4391 775 4455 (c
794 4393 846 4441 odd
861 4409 944 4457 prope
964 4393 1030 4454 enm)
1049 4407 1108 4442 cum
1121 4406 1145 4452 Β,
1165 4394 1230 4442 item
1249 4405 1334 4443 cur
