3000 4912
320 305 553 359 avuncunlum
570 306 763 356 lauturus
781 305 970 358 sasamon.
1004 308 1174 359 xa1.xn11.
1283 308 1347 373 203

148 461 265 522 autem
284 456 525 540 respondisset
544 455 706 522 dominus
722 456 840 540 Iesu's,
864 456 954 524 filios
973 457 1117 524 Israelis
1132 455 1348 543 Aethiopum

149 560 262 624 instar
284 579 360 624 esse
385 560 479 624 inter
502 559 666 642 populos,
694 560 858 625 dixerunt
882 561 1060 627 mulieres:
1100 561 1170 644 Tu,
1197 562 1347 645 domine,

150 662 266 727 omnia
286 661 379 728 nosti
401 682 514 744 neque
536 668 570 728 te
588 663 774 746 quicquam
791 664 894 744 latet3
917 685 1010 728 nunc
1028 685 1108 730 vero
1129 672 1164 731 te
1186 687 1347 750 rogamus

147 769 185 830 st
205 765 371 847 apietate
388 771 450 831 tua
465 767 616 849 petimus
638 773 678 832 ut
692 787 821 850 pueros
842 768 929 832 istos
949 787 1064 833 servos
1080 776 1159 834 tuos
1179 770 1215 835 in
1232 770 1350 853 pristi-

149 890 232 932 num
256 869 410 951 ipsorum
435 876 562 934 statum
586 869 764 935 restituas.
810 870 911 935 Dixit
936 891 1018 954 ergo
1045 870 1205 937 dominus
1230 872 1346 938 Iesus:

148 970 295 1053 Adeste,
316 972 462 1054 opueri,
483 978 522 1036 ut
539 971 705 1037 abeamus
723 979 758 1038 et
773 973 949 1055 ludamus3
971 979 1006 1039 et
1023 974 1194 1058 extemplo
1211 974 1349 1040 adstan-

147 1074 244 1140 tibus
260 1074 356 1139 hisce
374 1074 514 1139 feminis
530 1075 634 1139 haedi
651 1076 688 1140 in
705 1096 831 1159 pueros
850 1079 973 1143 mutati
992 1084 1082 1144 sunt.

625 1297 747 1365 Onrur
769 1298 868 1363 XLI.

232 1467 357 1533 Mense
377 1475 493 1534 autem
508 1468 608 1535 Adar
622 1470 725 1536 Iesus
747 1472 783 1535 in
800 1470 938 1536 modum
954 1472 1047 1555 regis
1063 1491 1190 1554 pueros
1208 1494 1349 1557 congre·

150 1574 255 1657 gavit:
283 1572 336 1637 illi
357 1579 471 1638 vestes
494 1595 574 1640 suas
599 1574 696 1640 humi
718 1581 929 1656 straverunt,
955 1577 1030 1658 ipse
1059 1596 1166 1659 super
1190 1597 1249 1642 eas
1271 1598 1350 1643 con·

149 1675 250 1741 sedit.
286 1675 375 1741 Tum
392 1697 554 1743 coronam
579 1698 620 1742 ex
641 1678 785 1744 floribus
806 1686 999 1744 consertam
1016 1679 1124 1762 capiti
1147 1680 1222 1745 eius
1244 1681 1350 1764 impo-

151 1787 295 1845 suerunt
317 1787 351 1845 ct
366 1778 661 1846 cubiculariorum
682 1782 794 1847 instar
809 1783 883 1865 regi
903 1782 1116 1849 adstantium
1139 1782 1296 1849 adextra
1316 1791 1350 1849 et

150 1883 293 1947 sinistra
308 1904 423 1949 coram
439 1885 516 1968 ipso
537 1886 779 1951 constiterunt.
811 1883 1031 1968 Quicumque
1051 1891 1168 1951 autem
1183 1886 1349 1970 perviam

149 1984 244 2050 illam
268 1986 456 2068 transibat,
482 1986 581 2052 illum
605 1988 638 2051 ri
662 1987 913 2054 abstrahebant
936 1989 1036 2071 pueri
1066 1989 1237 2054 diceutes:
1269 1988 1349 2053 Huc

150 2087 233 2153 ades
251 2095 285 2153 et
300 2111 417 2173 regem
434 2089 551 2172 adora,
569 2089 697 2155 deinde
713 2090 749 2154 iu
766 2091 821 2155 via
837 2096 897 2155 tua
915 2112 1032 2175 perge.

617 2310 738 2377 Cruor
760 2312 880 2377 XLII.

234 2482 389 2564 Interea,
412 2482 493 2547 dum
513 2483 600 2548 haec
621 2484 848 2567 gerebantur,
871 2483 1086 2549 accedebant
1103 2485 1168 2548 viri
1184 2486 1245 2568 qui
1266 2507 1349 2568 pue-

147 2609 223 2652 rum
239 2586 433 2671 gestabant.
457 2584 527 2649 Hic
545 2585 636 2650 enim
647 2607 735 2668 puer
750 2586 847 2669 ligna
861 2586 1036 2668 petiturus
1047 2606 1124 2650 cum
1140 2587 1349 2671 aequalibus

148 2691 220 2755 suis
241 2691 279 2755 in
298 2694 449 2754 montem
469 2689 694 2769 discesserat;
716 2689 767 2753 ibi
782 2709 862 2754 vero
885 2710 962 2753 cum
984 2688 1137 2772 perdicis
1154 2689 1275 2757 nidum
1297 2693 1349 2758 in·

147 2795 315 2876 venisset,
338 2799 372 2859 et
393 2814 531 2858 manum
553 2812 651 2856 suam
673 2796 712 2856 ut
731 2811 794 2856 ova
816 2790 941 2857 exinde
960 2790 1103 2856 tolleret
1124 2793 1347 2876 extendisset,

148 2918 291 2981 serpens
309 2918 387 2961 eum
403 2894 577 2979 malignus
595 2915 637 2960 ex
652 2894 766 2960 medio
785 2893 867 2959 nido
884 2894 1044 2978 pupugit,
1060 2895 1110 2959 ita
1125 2901 1164 2961 ut
1180 2896 1349 2963 auxilium

148 3001 342 3067 advocaret.
368 2997 603 3064 Sodalescum
613 3017 760 3081 propere
772 2997 1014 3079 accessissent,
1030 2997 1240 3065 invenerunt
1249 2999 1349 3067 illum

116 3159 119 3165 ,
147 3103 183 3168 in
199 3112 293 3169 terra
309 3104 480 3168 iacentem
497 3102 625 3167 mortui
641 3101 768 3182 instar;
790 3107 863 3165 tum
878 3108 1050 3166 venerunt
1066 3104 1256 3187 propinqui
1273 3107 1348 3171 eius

148 3229 296 3291 eumque
322 3209 358 3270 in
385 3205 506 3271 urbem
531 3205 754 3271 referendum
780 3205 1009 3273 sustulerunt.
1054 3205 1244 3291 Postquam
1268 3229 1348 3273 vero

147 3316 378 3395 pervenerant
398 3309 442 3374 ad
458 3309 572 3375 locum
592 3330 670 3374 eum
692 3309 727 3373 in
749 3330 817 3392 quo
840 3307 1002 3374 dominus
1017 3308 1119 3375 Iesus
1141 3331 1234 3374 more
1257 3313 1349 3395 regis

147 3417 333 3499 residebat,
351 3416 550 3498 caeterique
568 3415 669 3497 pueri
685 3414 924 3479 ministrorum
940 3414 1052 3478 instar
1067 3413 1349 3496 circumstabant,

147 3521 248 3604 pueri
263 3538 412 3604 propere
435 3518 570 3584 obviam
591 3522 841 3601 processerunt
863 3516 896 3581 ei
913 3517 974 3600 qui
994 3536 1015 3581 a
1036 3522 1197 3599 serpente
1215 3536 1349 3582 morsus

149 3630 223 3689 erat
240 3629 274 3689 et
290 3623 454 3688 dixerunt
469 3621 677 3705 propinquis
700 3622 791 3685 eius:
826 3617 932 3703 Agite
951 3618 1099 3685 salutate
1116 3639 1243 3702 regem.
1279 3616 1350 3684 Sed

149 3747 225 3791 cum
247 3731 390 3809 propter
411 3746 602 3791 moerorem
625 3727 662 3790 in
683 3745 750 3807 quo
767 3723 997 3788 versabantur
1016 3721 1184 3788 accedere
1205 3722 1349 3806 nollent,

147 3829 247 3912 pueri
264 3850 323 3894 eos
338 3829 466 3894 invitos
482 3829 514 3893 ri
531 3828 787 3893 abstraxerunt.
818 3825 959 3891 Etcum
978 3825 1022 3891 ad
1039 3825 1217 3891 dominum
1232 3823 1351 3891 Iesum

146 3932 397 4015 pervenissent,
414 3933 548 4015 rogavit
562 3930 623 3996 ille
636 3951 742 4014 quare
758 3929 1009 4012 huncpuerum
1020 3936 1207 4014 gestarent.
1231 3927 1349 4013 Atque

147 4034 217 4100 illis
241 4034 535 4119 respondentibus
558 4034 649 4118 quod
671 4054 815 4116 serpens
841 4033 955 4117 ipsum
977 4033 1237 4116 momordisset,
1263 4033 1352 4100 dixit

148 4137 307 4204 dominus
326 4138 427 4204 Iesus
448 4138 583 4221 pueris:
614 4137 744 4202 Eamus
766 4144 806 4203 ut
826 4142 1024 4220 serpentem
1046 4138 1146 4202 illum
1166 4137 1353 4204 interficia·

147 4262 233 4309 mus.
265 4241 484 4326 Rogantibus
499 4261 580 4306 vero
597 4240 802 4323 parentibus
824 4241 926 4323 pueri
949 4246 990 4306 ut
1009 4240 1106 4307 abire
1129 4261 1165 4306 se
1183 4242 1351 4325 sinerent,

216 4436 285 4485 xm.
305 4437 396 4485 deinde
408 4437 435 4484 is
447 4437 490 4485 oia
502 4439 548 4484 tua
555 4449 650 4498 perpe:
668 4434 708 4483 ita
720 4431 760 4483 Fl·
775 4449 822 4498 pro
834 4434 941 4500 atsclioe
953 4434 1000 4484 tibi
1011 4435 1062 4484 iter
1074 4433 1208 4499 contingat
