2962 4912
369 298 571 350 anscausus
590 299 732 350 CHRISTI
750 301 796 351 tl)
814 299 975 351 lustros,
1004 299 1111 350 l-lll.
1278 299 1341 362 423
1393 363 1396 371 Ι

143 450 328 517 aeternales
354 448 536 516 sustollite:
564 471 622 515 rex
650 449 775 534 gloriae
798 449 950 516 Christus
977 449 1130 516 dominus
1158 450 1341 517 intraturus

144 555 305 622 adveniet.
932 558 934 562 ”

231 659 353 728 2Tunc
381 660 522 727 Satanas
550 661 616 727 dux
644 661 761 727 mortis
783 660 929 744 advenit,
961 660 1090 745 fugiens
1113 661 1263 743 territae,
1295 662 1341 727 di-

145 787 223 832 cens
249 765 412 831 ministris
441 767 509 831 suis
537 773 571 832 et
597 765 729 831 inferis:
760 764 909 831 Ministri
938 766 1002 831 mei
1031 771 1065 831 et
1092 787 1205 831 omnes
1233 767 1341 850 inferi,

145 868 348 951 concurrite,
379 876 493 952 portas
516 876 642 935 vestras
674 868 830 951 claudite,
860 875 970 933 vectes
1000 868 1126 935 ferreos
1156 870 1341 954 supponite,

145 979 178 1039 et
199 981 344 1057 pugnate
368 974 500 1039 fortiter
523 982 555 1039 et
578 974 737 1055 resistite,
769 995 809 1037 ne
832 980 982 1039 tenentes
1005 975 1208 1057 captivemur
1230 998 1250 1040 a
1270 977 1341 1040 vin·

145 1076 237 1144 culis
287 1078 523 1163 Tuncimpia
559 1077 670 1143 officia
706 1079 776 1143 eius
814 1078 925 1143 omnia
962 1080 1159 1145 conturbata
1195 1085 1272 1144 sunt
1309 1087 1342 1145 et

145 1188 326 1266 coeperunt
347 1190 460 1266 portas
481 1184 599 1249 mortis
629 1205 702 1247 cnm
731 1183 822 1248 omni
843 1182 1015 1267 diligentia
1042 1183 1206 1267 claudere,
1238 1206 1341 1250 seras·

144 1310 209 1372 que
232 1293 266 1352 et
286 1295 397 1353 vectes
423 1288 549 1353 ferreos
576 1287 735 1371 paulatim
763 1288 913 1371 iungere,
945 1288 1121 1371 omniaque
1149 1294 1341 1355 ornamenta
1366 1279 1368 1287 ’

144 1411 205 1455 sua
228 1389 353 1454 strictis
375 1390 527 1455 manibus
550 1396 662 1455 tenere
686 1395 719 1453 et
740 1389 945 1472 proclamare
966 1388 1112 1454 ululatus
1135 1390 1225 1456 dirae
1248 1389 1340 1455 vocis

143 1517 183 1560 ac
205 1493 403 1560 teterrimae.

559 1718 677 1785 Carur
701 1717 770 1784 III.
801 1717 926 1802 (XIX.)

232 1872 353 1938 1'lunc
386 1871 488 1938 Satan
520 1872 604 1936 dixit
634 1872 675 1937 ad
707 1872 890 1938 infernum:
924 1871 1092 1955 Praepara
1123 1877 1155 1936 te
1187 1870 1227 1936 ad
1259 1870 1339 1936 reci·

144 1962 299 2058 piendum
334 1997 431 2058 quern
463 1974 525 2039 tibi
557 1972 733 2038 deduxero.
782 1972 914 2038 Dehinc
946 1973 1093 2038 infernus
1121 1972 1263 2039 Satanae
1293 1972 1342 2037 ita

144 2076 333 2160 perintulit:
365 2077 441 2144 Vox
470 2076 535 2140 ista
561 2097 627 2140 non
655 2075 719 2140 fuit
745 2075 809 2140 nisi
832 2099 853 2140 a
875 2076 1018 2141 clamore
1041 2075 1099 2139 lilii
1123 2076 1227 2158 patris
1250 2074 1340 2139 altis·

144 2178 234 2258 simi,
257 2178 336 2262 quia
358 2178 406 2242 ita
428 2184 518 2242 terra
540 2184 574 2242 et
597 2178 710 2243 omnia
730 2177 827 2242 inseri
851 2178 925 2242 loca
947 2177 1008 2242 sub
1032 2178 1104 2261 ipsa
1127 2176 1343 2241 contremuit:

143 2282 230 2348 unde
261 2289 341 2366 puto
376 2305 427 2347 me
458 2288 492 2346 et
523 2281 635 2347 omnia
660 2281 791 2346 vincula
820 2303 894 2346 mea
922 2282 985 2346 iam
1017 2287 1132 2364 aperta
1162 2286 1341 2364 patescere.

145 2385 212 2453 Sed
243 2386 358 2452 adiuro
391 2393 440 2469 te,
478 2385 619 2468 Satana,
656 2392 755 2468 caput
784 2385 946 2452 malorum
979 2386 1142 2468 omnium,
1178 2406 1237 2467 per
1267 2390 1341 2449 tuas

144 2512 300 2575 measque
325 2490 478 2572 virtutes,
510 2511 551 2553 ne
582 2489 744 2572 perducas
776 2510 849 2553 eum
878 2488 919 2554 ad
946 2509 1010 2570 me,
1040 2509 1083 2552 ne
1105 2488 1181 2553 dum
1204 2487 1341 2552 velimus

145 2615 218 2659 eum
244 2614 361 2676 capere
384 2592 589 2675 captivemur
611 2591 652 2656 ab
677 2613 726 2656 eo.
761 2589 849 2656 Nam
873 2591 901 2655 si
923 2591 965 2656 ad
982 2612 1095 2656 vocem
1119 2590 1191 2656 eius
1213 2594 1340 2654 tantum

145 2698 253 2763 omnis
275 2698 380 2762 virtus
404 2719 476 2762 mea
498 2697 546 2762 ita
568 2696 736 2762 destructa
757 2702 820 2778 est,
849 2694 929 2780 quid
956 2700 1052 2778 putas
1079 2716 1153 2760 eum
1176 2694 1340 2760 facturum

144 2800 220 2867 dum
244 2802 432 2885 praesentia
454 2800 525 2865 eius
547 2799 737 2865 advenerit?

229 2913 319 2979 ²cui
351 2914 453 2981 Satan
487 2913 552 2977 dux
583 2911 700 2977 mortis
731 2911 780 2976 ita
812 2909 1000 2993 respondit:
1039 2909 1127 2995 Quid
1165 2910 1339 2976 clamitas?
1371 3001 1373 3005 y

144 3081 356 3089 ———

229 3197 254 3243 2.
293 3193 334 3242 cf.
355 3195 374 3241 Α
395 3193 426 3250 V,
444 3195 468 3240 1.
499 3191 567 3241 Tune
586 3195 614 3253 (Β
632 3191 670 3239 Er
688 3191 758 3255 tunc)
777 3192 891 3240 Sotcmco
909 3192 937 3253 (c
956 3188 1049 3251 Satan)
1069 3225 1097 3238 ..
1119 3203 1133 3241 c
1153 3188 1205 3239 add
1224 3206 1278 3238 (rior
1296 3206 1339 3237 au·

140 3283 220 3331 disset
243 3284 247 3340 Ι
273 3295 347 3332 com
364 3281 472 3344 sapiens
496 3280 500 3340 Ι
525 3279 649 3327 minist-ria
673 3278 702 3340 (Β
719 3277 828 3338 storiis)
854 3279 908 3327 cuir
924 3281 950 3326 et
966 3278 1058 3341 iry‘eris
1082 3277 1127 3339 (ac
1146 3293 1188 3325 om
1210 3281 1235 3325 et
1253 3277 1313 3343 ins.)
1334 3274 1338 3339 Ι

141 3367 210 3417 Mi».
224 3367 272 3414 mei
289 3370 314 3414 et
332 3382 396 3413 omn.
415 3366 464 3429 ins.
485 3365 514 3424 (n
533 3380 574 3411 om
593 3367 618 3412 et
635 3379 657 3412 o.
671 3362 733 3427 ins.)
754 3398 782 3412 ..
801 3377 817 3435 e
838 3364 860 3411 Ο
878 3363 974 3427 inserit
991 3376 1005 3412 c
1023 3362 1148 3410 recludite
1163 3362 1168 3423 Ι
1183 3378 1213 3410 re
1231 3366 1341 3411 tenentes

141 3450 293 3514 (cdetenti)
313 3449 469 3513 captivemur
488 3448 516 3507 (n
535 3446 687 3509 retinemur)
706 3463 723 3494 a
745 3446 772 3508 (c
790 3446 828 3509 in)
846 3448 912 3495 nine.
935 3444 940 3507 Ι
963 3457 979 3494 n
998 3461 1039 3495 om
1063 3446 1117 3493 eiua
1134 3446 1219 3494 cronia
1239 3443 1243 3507 Ι
1263 3461 1338 3494 orru-

139 3540 301 3586 meriacum
320 3551 336 3587 a
357 3571 386 3584 ..
407 3549 422 3584 c
441 3537 599 3583 armamento
618 3568 648 3584 ..
669 3547 685 3584 n
703 3549 745 3582 orn
766 3533 771 3592 Ι
792 3538 876 3582 tenere
894 3567 924 3581 ..
944 3546 977 3583 Ac
997 3532 1130 3595 pertepere
1150 3533 1154 3594 Ι
1175 3532 1339 3594 proclamare

141 3658 172 3671 ..
192 3637 210 3673 Δ
223 3625 361 3684 promeret
378 3635 392 3671 c
410 3620 536 3669 clumam

227 3716 277 3773 lll,
298 3719 322 3764 1.
360 3715 400 3765 Cf.
419 3714 443 3763 A
462 3715 507 3772 lV,
526 3718 551 3763 3.
587 3715 670 3762 Sutor
688 3729 747 3762 cum
766 3725 799 3764 Bc
818 3745 847 3764 ..
868 3725 884 3764 Α
904 3713 1018 3760 Saturne
1034 3713 1086 3759 dua
1105 3709 1214 3772 mortirl
1232 3712 1280 3759 tibi
1296 3713 1337 3761 de-

138 3803 201 3851 duc.
222 3816 280 3848 cum
300 3812 334 3850 Bc
354 3835 360 3848 .
377 3835 383 3848 .
403 3814 419 3850 Δ
438 3800 527 3848 dicero
547 3798 594 3846 tibi
617 3800 623 3856 Ι
643 3797 782 3859 perintutit
804 3812 862 3846 cum
883 3809 910 3854 c,
935 3796 1078 3860 upertutit
1097 3831 1126 3844 ..
1147 3808 1163 3844 n
1181 3797 1337 3870 rerpcnditt

138 3888 225 3939 munia
242 3887 322 3952 irrseri
341 3886 398 3936 loca
423 3887 450 3949 (c
469 3902 510 3934 om
530 3883 599 3946 loeo)
623 3920 630 3933 .
651 3919 658 3932 .
685 3899 701 3935 a
722 3884 803 3933 omum
819 3884 862 3932 uic
880 3884 996 3947 inferrus
1019 3881 1024 3946 Ι
1049 3884 1183 3933 οΑάἱιινο
1206 3883 1288 3946 ipilror
1305 3889 1338 3944 te,

129 3977 225 4041 frater
244 3975 328 4022 Sator
348 3970 353 4037 Ι
375 3990 431 4036 cap.
449 3973 510 4021 mat.
531 3988 596 4021 omn.
623 3988 681 4020 cnm
700 3983 733 4022 Bc
753 4003 782 4018 ·.
803 3986 819 4021 n
838 3971 881 4034 qui
899 3971 1048 4018 eremium
1066 3969 1157 4018 molor.
1178 3970 1314 4032 interruptor
1333 3967 1337 4035 Ι

138 4061 248 4108 virtutes
266 4074 324 4106 curn
343 4071 377 4108 Bc
396 4093 425 4106 ..
445 4072 461 4108 Δ
477 4072 559 4120 peras
574 4060 577 4117 Ι
594 4072 624 4104 ne
642 4055 671 4116 (Β
690 4059 723 4112 et,
742 4068 757 4105 c
776 4054 847 4118 quia)
866 4056 924 4102 dum
942 4054 1046 4102 velimus
1064 4055 1093 4113 (Β
1110 4053 1232 4111 volumus,
1254 4054 1337 4105 uret·

138 4144 229 4206 lmr)
248 4169 258 4179 ·
276 4143 308 4192 ab
325 4160 354 4192 eo
380 4142 407 4204 (c
426 4142 492 4206 ipro)
517 4145 521 4197 Ι
546 4141 613 4189 Nam
630 4141 654 4189 ei
671 4165 681 4174 -
699 4141 739 4188 ita
757 4141 784 4201 (c
802 4140 856 4201 orn)
874 4140 954 4188 dertr.
974 4143 1013 4187 ert
1035 4155 1094 4188 cum
1112 4152 1146 4189 nc
1170 4172 1201 4206 ·.·
1225 4138 1293 4187 Nam
1315 4140 1338 4187 ri

138 4232 221 4281 omnis
238 4248 293 4279 mea
310 4231 371 4278 virt.
392 4230 443 4277 iam
460 4230 582 4292 descendo
599 4231 637 4276 est
657 4226 662 4290 Ι
682 4243 735 4275 eum
753 4226 805 4289 (ita
823 4241 854 4285 n;
878 4237 895 4275 B
912 4224 962 4285 me)
977 4226 1114 4289 sucturum
1133 4260 1139 4272 .
1156 4259 1162 4273 .
1183 4238 1198 4275 c
1212 4227 1338 4290 facturus

136 4317 270 4380 ertlrtcm
290 4350 319 4365 ..
340 4328 356 4365 n
375 4331 429 4364 em»
444 4313 448 4375 Ι
464 4314 614 4378 maerentia
633 4346 663 4362 ..
683 4312 831 4376 cpotentio

224 4406 250 4453 2.
288 4401 371 4451 CM
396 4401 441 4461 IV,
460 4404 484 4452 2.
515 4401 599 4450 Satan
615 4425 626 4435 ·
644 4399 776 4464 responait
797 4412 856 4448 cnm
875 4411 909 4450 nc
928 4432 935 4447 .
951 4430 960 4449 .
977 4409 995 4448 Β
1014 4395 1098 4447 Satan
1119 4396 1186 4447 dicit
1209 4394 1215 4458 Ι
1241 4395 1309 4458 Quia
1326 4420 1337 4432 ·
