2962 4912
247 321 296 367 χι,
712 309 985 361 Paouuoormss

249 466 301 520 est
322 456 433 523 homil.
447 458 547 527 XVI.
569 459 703 540 (XVII
717 462 806 544 apud
820 461 1018 542 Moutlauc.)
1040 463 1076 525 in
1094 460 1234 525 Iohauu,
1255 456 1302 521 τὰ
1323 462 1451 539 capeio

248 569 360 652 ἐκεῖρα
381 568 406 631 «i
425 570 564 634 ωαιδικὰ
584 575 669 655 εῐμαί
690 579 773 656 bum
789 569 851 636 τοί
865 569 1027 657 Χριστοῦ,
1049 566 1163 654 draibei
1179 575 1230 633 καὶ
1244 567 1449 651 ωλιίσματά

248 683 747 768 τιρωμὲωεισαγόρτωρὲστίμ.
770 676 1453 763 AnastasiusSinaitaHodeg.XIIL

246 811 280 872 p.
294 793 367 857 260.
384 792 434 857 cd.
449 793 599 861 Grelscr.
613 794 695 859 dicit
716 795 762 858 τὰ
775 797 953 880 λεγόμεμα
965 795 1102 859 mundani
1117 793 1272 876 θαύματα
1287 787 1352 855 τοῦ
1367 793 1453 873 Χρι-

248 900 335 968 orori
348 901 462 987 ψευὸιῖ
478 911 529 969 καὶ
544 905 742 972 emesena
765 904 1453 991 Georg.SyncellusGhronogr.p.601.

248 1015 298 1079 cd.
317 1015 423 1080 Bonn.
442 1016 545 1081 habet
572 1022 689 1101 ῑσῐὲορ
712 1019 762 1082 ὄτι
785 1019 928 1103 διάφορα
950 1019 1142 1103 εὐαγγέλια
1162 1021 1385 1101 γέγραωται,
1415 1017 1453 1096 ἑξ

248 1126 300 1209 &p
326 1130 482 1210 τέσσαρα
508 1128 595 1212 μὸμιι
622 1134 760 1212 κέκριται
786 1137 864 1193 uolo
891 1134 1061 1213 μακαρίοισ
1082 1128 1306 1193 ἆωοστὸλοισ
1329 1130 1453 1190 ἑκκλιι·

248 1236 436 1312 σιὰζεσθαι,
465 1244 516 1301 καὶ
544 1240 669 1303 ἅλλοισ
695 1242 835 1303 ωαιὸικὰ
855 1237 919 1304 τοῦ
941 1237 1105 1324 σωτιῖροσ
1126 1241 1222 1322 ἡμῶμ
1246 1242 1452 1323 συγγέγρα-

246 1372 350 1421 ωται,
377 1352 415 1432 ἐμ
439 1353 494 1412 οἷσ
516 1354 551 1413 αῖ
572 1353 664 1434 μέχρι
693 1349 933 1415 δωδειωετοῦσ
958 1353 1080 1435 χρόρου
1092 1353 1114 1434 ¹)
1141 1347 1209 1413 reio
1231 1350 1320 1413 κατὰ
1340 1328 1452 1432 σάρκα

248 1460 380 1525 ιἰλικίασ
405 1457 513 1526 αὐτοῦ
536 1458 601 1526 τοῦ
621 1470 695 1546 τῶμ
722 1463 820 1545 (male
849 1463 899 1528 ed
920 1464 1057 1546 τούτωμ
1085 1485 1146 1546 pro
1168 1459 1231 1526 τοῦ
1252 1469 1340 1545 τῶμ)
1366 1460 1452 1525 αἰώ-

248 1597 320 1657 poep
342 1568 493 1638 monstrosi
508 1577 792 1658 ἑμωεριῲέρορται
808 1575 1080 1659 θαυματουργίαι.
1111 1575 1292 1658 Euthym.
1308 1572 1453 1655 Zigab.

247 1685 290 1750 ad
304 1686 377 1750 Ioh
391 1684 442 1755 Π.
458 1689 507 1749 11.
529 1689 586 1748 o'oo
599 1686 879 1769 ωαρασιωωιιθὲμ
901 1693 979 1748 roto
1001 1687 1128 1750 ἄλλοισ
1148 1684 1328 1768 Ῑσιὸριισερ
1353 1683 1451 1759 αὐτό,

247 1791 448 1880 χριισιμεῦομ
464 1800 518 1860 εἰσ
531 1796 574 1859 τὸ
589 1796 632 1880 pil
648 1796 824 1880 ωιστεύειρ
847 1803 925 1860 reio
946 1803 1154 1881 λεγομέμοισ
1174 1800 1346 1860 ωαιὸικοῑσ
1369 1795 1452 1858 ont·

249 1931 327 1989 μασι
349 1902 413 1971 τοῦ
427 1903 588 1992 Χριστοῦ.
624 1908 768 1973 Accedit
785 1908 874 1990 quod
893 1929 959 1991 quo
977 1910 1083 1992 magis
1101 1911 1336 1974 canonicorum
1354 1930 1456 1973 eran·

248 2021 408 2103 geliorum
430 2019 613 2084 auctoritas
635 2041 695 2102 per
716 2025 824 2084 totam
841 2020 1015 2084 ecclesiam
1033 2019 1264 2101 invalescebat,
1286 2021 1456 2086 eominus

249 2133 395 2196 librariis
417 2132 616 2214 praesertim
638 2131 807 2197 monachis
828 2138 943 2213 aptum
964 2132 1068 2196 rideri
1087 2138 1218 2214 poterat
1236 2132 1339 2197 talem
1358 2130 1454 2198 libel·

248 2242 317 2307 lum
338 2242 499 2325 evangelii
522 2243 655 2306 nomine
678 2264 807 2308 ornare.

333 2352 453 2436 Neque
475 2353 751 2436 praetereundum
774 2360 834 2433 est,
855 2352 1150 2418 Pseudo-Thomae
1172 2351 1295 2418 librum
1313 2355 1455 2420 minime

249 2469 416 2550 integrum
430 2486 617 2548 superesse:
640 2465 730 2548 quod
745 2487 847 2548 quum
869 2487 909 2528 ex
928 2487 1049 2547 magna
1062 2473 1214 2530 textuum
1229 2466 1455 2548 superstitum

250 2578 446 2645 differentia.
467 2583 540 2642 tum
562 2598 603 2640 ex
625 2598 768 2641 numero-
785 2576 967 2640 stichorum
984 2576 1048 2655 (ρι’
1067 2577 1087 2639 i.
1102 2598 1130 2640 e.
1148 2579 1244 2657 1300)
1268 2577 1399 2642 clarum
1416 2576 1457 2641 fit

251 2711 334 2772 quos
356 2688 561 2770 evangelium
582 2686 731 2751 Thomae
754 2686 1042 2768 comprehendisse
1070 2688 1105 2751 in
1127 2690 1231 2752 reteri
1254 2695 1306 2752 est
1328 2688 1455 2753 sticho·

249 2800 370 2865 metria
392 2797 434 2863 ad
457 2798 581 2862 calcem
604 2796 886 2880 chronographiae
901 2796 1126 2880 Nicephori2).
1164 2799 1457 2883 Quemadmodum

250 2912 338 2975 enim
367 2916 418 2975 tot
443 2908 521 2973 libri
543 2909 786 2973 haereticorum
814 2910 938 2973 similes
964 2930 1098 2991 prorsus
1120 2909 1243 2973 dudum
1269 2902 1457 2994 perierunt,

251 3022 374 3104 quippe
397 3021 518 3104 quibus
543 3018 674 3084 deesset
696 3018 954 3084 describentium
981 3019 1157 3099 industria,
1183 3021 1232 3084 ita
1259 3022 1334 3102 alii,
1363 3023 1457 3087 inter

252 3153 336 3214 quos
358 3139 409 3197 est-
431 3131 578 3196 Thomae
601 3130 823 3212 evangelium,
851 3131 988 3194 resectis
1010 3131 1159 3212 partibus
1180 3131 1308 3212 multis,
1330 3133 1375 3197 iis
1397 3155 1458 3216 po-

251 3244 414 3307 tissimum
437 3263 521 3323 quae
543 3240 642 3307 fidem
664 3247 723 3305 aut
744 3242 903 3324 pietatem
924 3242 1065 3306 maxime
1088 3241 1301 3325 offenderent,
1324 3244 1368 3309 ad
1392 3266 1456 3311 nos

252 3353 372 3437 perlati
396 3358 482 3417 sunt
525 3352 734 3434 Fragmentis
756 3359 868 3416 autem
888 3351 931 3416 iis
949 3374 1032 3434 quae
1055 3360 1232 3435 supersunt
1252 3355 1393 3420 uomina
1415 3377 1458 3422 ea

252 3465 395 3548 quaein
417 3465 540 3528 nostris
564 3463 732 3529 codicibus
754 3464 967 3528 inveniuntur
987 3465 1091 3528 multo
1118 3466 1224 3547 magis
1252 3469 1458 3534 conveniunt

252 3597 350 3658 quam
366 3575 529 3656 evangelii
544 3574 671 3639 titulus
709 3573 860 3658 Quorum
874 3574 1133 3656 fragmentorum
1149 3577 1334 3659 antiquitas
1349 3580 1457 3647 etiam

252 3687 335 3757 inde
346 3686 546 3768 perspicitur
562 3685 651 3767 quod
674 3686 907 3767 compilatores
930 3693 964 3749 et
985 3687 1107 3751 latinos
1129 3696 1162 3752 et
1184 3689 1348 3770 arabicos,
1371 3711 1456 3772 quo·

253 3819 325 3861 rum
348 3797 451 3861 libros
474 3797 646 3879 evangelia
669 3796 830 3860 infantiae
853 3794 961 3861 dicere
984 3797 1098 3876 solent,
1124 3820 1144 3863 a
1166 3801 1297 3881 graecis
1319 3801 1456 3868 fabellis

253 3907 375 3972 nostris
395 3907 593 3990 pependisse
615 3914 769 3989 apertum
792 3913 850 3970 est.
894 3906 1047 3989 Denique
1070 3908 1250 3975 similitudo
1273 3911 1364 3974 inter
1382 3911 1456 3978 Ire·

339 4120 362 4185 ¹)
379 4124 552 4174 Nemorabile
570 4129 613 4174 eat
631 4126 700 4175 hono
718 4125 818 4174 aetatis
837 4124 899 4173 Iesu
919 4125 994 4188 pueri
1013 4124 1205 4174 indicationem
1223 4128 1372 4177 convenire
1394 4144 1455 4179 cum

253 4217 331 4259 textu
348 4214 451 4267 nostro,
470 4210 507 4258 εἰ.
520 4224 615 4274 grteco
629 4213 652 4259 Α
670 4225 728 4273 cap.
740 4209 811 4259 xlx,

338 4289 361 4353 ἵ)
380 4292 449 4342 Vide
468 4294 539 4356 apud
557 4291 686 4343 Credner:
712 4294 762 4342 Zur
781 4292 944 4343 Gerchichte
962 4293 1009 4343 des
1027 4293 1138 4343 Κιιιοιιι
1156 4310 1182 4358 ρ.
1196 4296 1246 4343 122
1265 4310 1326 4360 sqq.
1352 4298 1451 4365 Georg.

254 4382 374 4447 syncell.
391 4380 433 4430 ed.
452 4382 540 4430 Bonn.
559 4396 588 4444 p.
601 4382 660 4430 7⁸8.
