2962 4912
601 342 875 394 rnouneorsmrs.
1254 359 1347 404 mn

136 496 411 579 apocryphorum
428 494 581 559 somniis“
597 493 637 558 de
652 513 732 557 nece
742 491 925 557 Zachariae
942 491 1048 573 patris
1057 485 1220 555 Iohannis
1237 491 1347 557 crede·

136 607 277 673 bantur.
308 607 361 671 Ac
375 606 468 670 breri
484 611 561 687 post
572 604 816 687 Hieronymum
830 603 1098 669 Innocentius
1114 600 1142 667 I.
1157 603 1192 666 in
1208 601 1348 684 epistola

138 719 187 784 ad
206 719 431 801 Exsupcrium
449 717 530 782 data
546 736 632 781 anno
654 738 686 798 p.
702 715 780 781 Ohr.
795 718 868 780 405.
886 716 935 779 ita
953 713 1068 779 scribit
1076 714 1100 796 ¹)
1126 714 1232 778 Cetera
1245 725 1347 779 subm

139 855 225 917 pesae
253 832 301 894 uel
324 831 378 893 ereb
406 834 524 892 nemim
546 827 700 891 Matthiae
729 827 785 907 (al.
809 825 975 908 Matthaei)
1003 830 1064 889 sive
1092 826 1197 890 Iacchi
1222 830 1348 890 minoris

140 945 194 1006 vel
218 945 273 1006 sub
300 945 419 1005 nemim
441 942 532 1004 Petri
555 950 585 1002 et
610 940 771 1017 labanath,
800 961 878 1023 quae
899 962 919 1001 a
941 941 1072 1023 qrcodom
1095 938 1206 1001 leucio
1233 941 1347 1022 scripta

140 1065 231 1135 mut,
257 1055 306 1116 oei
323 1055 379 1117 oct
401 1056 519 1116 nomine
541 1053 697 1132 Andreae,
727 1073 804 1138 qaae
825 1075 845 1114 a
868 1051 1081 1113 Neeocbaride
1108 1050 1163 1130 (al.
1187 1051 1347 1114 Xenoctsa·

141 1169 225 1246 ride)
249 1177 279 1229 et
299 1165 437 1228 Leonida
454 1165 642 1249 pbilosophis
665 1161 720 1244 (al.
743 1183 797 1227 om
818 1163 866 1226 vel
890 1185 914 1225 s.
938 1185 968 1226 a.
989 1163 1133 1226 Andreae
1154 1182 1260 1243 usque
1277 1162 1348 1246 pbi-

142 1279 226 1358 loa),
247 1278 295 1340 uel
312 1279 368 1340 sub
391 1280 510 1340 nomiae
528 1277 674 1353 Thomas,
696 1287 726 1338 et
745 1279 774 1338 si
791 1298 852 1360 pao
874 1285 946 1338 suat
965 1274 1039 1353 alia,
1062 1295 1122 1337 aon
1143 1275 1239 1337 solam
1261 1296 1348 1358 rqra-

141 1392 262 1453 diaada
298 1410 402 1452 veram
433 1392 522 1451 etiam
554 1391 671 1451 nouam
701 1410 761 1450 esse
791 1387 976 1450 damnanda.
1037 1383 1165 1469 Quibus
1197 1405 1236 1449 ex
1266 1384 1348 1448 locis

142 1505 288 1584 apparet
319 1504 353 1565 et
383 1498 626 1581 Hieronymum
656 1503 690 1562 et
720 1497 988 1578 innocentiumi)
1020 1494 1255 1560 traditionibus
1287 1494 1348 1560 sub

70 1626 76 1635 '
141 1613 279 1677 nomine
309 1611 424 1676 Iacobi
454 1608 633 1674 venditatis
665 1609 770 1673 libere
801 1608 993 1674 adversatos
1024 1628 1105 1671 esse.
1158 1606 1240 1671 Post
1271 1627 1347 1672 vero

143 1723 236 1788 haud
266 1723 365 1806 pauci
396 1721 530 1786 fuerunt
558 1721 616 1803 qui
644 1720 743 1785 aliter
771 1720 941 1784 sentirent.
985 1719 1042 1784 Ita
1067 1719 1135 1783 iam
1163 1725 1257 1782 sexto
1279 1718 1348 1783 iere

143 1833 280 1900 saeculo
312 1827 455 1899 auctor
483 1832 618 1914 operis
646 1831 879 1915 imperfecti
909 1831 949 1894 in
976 1829 1226 1895 Matthacum
1256 1833 1348 1910 prot-

142 1944 353 2028 erangelium
374 1943 500 2009 —hoc
527 1944 614 2007 enim
642 1943 684 2007 ab
712 1963 751 2007 co
780 1941 963 2025 significari
991 1940 1116 2006 clarum
1140 1947 1254 2004 est-
1277 1939 1347 2021 „hi-

141 2058 284 2121 storiam
307 2078 373 2121 non
396 2054 625 2120 incredibilem
647 2074 754 2137 neque
777 2053 1058 2119 irrationabilem“
1080 2052 1163 2117 dicit
1172 2052 1208 2132 ⁸).

232 2173 400 2241 Videntur
426 2180 538 2239 autem
563 2172 679 2238 Latini
708 2194 775 2238 non
803 2172 859 2236 diu
886 2174 920 2237 in
948 2171 1198 2255 interpretando
1230 2191 1347 2254 graeco

139 2285 261 2350 Iacobi
288 2285 373 2351 libro
400 2285 618 2368 acquievisse,
650 2284 708 2350 sed
736 2284 866 2350 fabulas
894 2284 942 2349 ibi
969 2284 1110 2349 traditas
1131 2284 1223 2348 vario
1251 2282 1348 2348 modo

139 2397 377 2477 excoluerunt,
409 2418 484 2462 cum
511 2396 585 2461 eliis
614 2395 776 2461 similibus
805 2397 872 2460 sive
900 2418 940 2460 ex
971 2417 1089 2479 graeco
1118 2395 1186 2459 sive
1214 2416 1254 2459 ex
1281 2394 1347 2459 alio

139 2507 238 2572 fonte
266 2507 396 2572 haustis
422 2509 631 2590 maximeque
661 2528 735 2572 cum
762 2506 882 2572 fabulis
904 2507 1206 2572 Pseudo-Thomas
1233 2504 1273 2571 de
1299 2506 1348 2569 in·

139 2619 254 2683 tantia
273 2618 400 2686 Christi
422 2620 662 2685 coniunxerunt
685 2625 786 2700 etque
808 2619 843 2682 in
865 2639 950 2682 nova
974 2623 1159 2683 commenta
1181 2624 1347 2682 converte·

238 2861 260 2926 ¹)
280 2861 321 2912 Cf.
340 2863 465 2914 Gallsnd.
484 2863 549 2914 bibl.
569 2863 702 2929 pp.V111.
722 2879 748 2927 p.
761 2863 820 2912 561.
856 2862 942 2912 Locus
960 2866 1004 2912 ast
1021 2861 1056 2911 sd
1074 2861 1156 2912 tinem
1174 2863 1316 2925 epistolae.

234 2944 259 3011 2)
278 2950 486 3014 Augustinus
506 2949 613 3012 quidem
634 2964 692 3012 cap.
709 2948 754 2998 IX.
774 2948 837 2998 libri
855 2947 954 2997 XXIII.
973 2951 1064 2996 contra
1083 2947 1217 3004 Faustam,
1240 2946 1287 2996 ubi
1305 2962 1347 2996 ex·

142 3033 228 3097 ponit
246 3032 279 3082 de
297 3032 366 3082 libro
384 3033 551 3082 Manichaeis
570 3033 696 3096 probato,
720 3033 766 3097 qui
786 3031 809 3081 Γ
811 3027 884 3099 cippo
903 3027 1023 3096 Μαρίασ
1041 3030 1250 3089 inscribebatur,
1272 3035 1346 3095 prot·

143 3119 316 3184 evangelium
334 3119 459 3183 ignorare
479 3118 592 3167 videtur.
629 3118 670 3167 lbi
689 3119 760 3167 enim
779 3119 897 3168 illesic:
925 3118 980 3180 ipss
997 3134 1056 3167 cero
1075 3119 1208 3166 ranciscat
1226 3133 1276 3167 sose
1293 3133 1348 3166 ears

142 3205 176 3267 (i.
191 3221 216 3255 e.
231 3204 355 3266 Mariam)
370 3206 526 3269 pertinuisse
544 3206 579 3254 od
596 3221 677 3254 umas
688 3205 787 3263 Dauid,
805 3208 830 3253 et
846 3206 893 3254 loc
910 3206 1028 3254 oetendat
1041 3220 1092 3253 sos
1109 3220 1140 3252 ee
1159 3204 1349 3268 quibsscemqrss

141 3293 256 3350 uuna,
277 3292 322 3341 sed
340 3291 522 3343 ecclesiastiae
537 3292 667 3343 canonicis
684 3292 828 3342 catholicis.
864 3291 944 3341 Aliae
962 3293 1054 3356 quippe
1071 3308 1121 3341 sos
1138 3291 1230 3340 babeat
1247 3292 1282 3340 ad
1298 3293 1347 3341 Isos

143 3394 189 3426 m
206 3376 288 3426 sllesss
300 3377 405 3441 pondus
423 3380 602 3427 aadoritotis:
627 3381 698 3440 ipsae
716 3381 774 3426 esst
791 3380 858 3425 esim
875 3392 939 3440 qaas
955 3378 1047 3440 recipit
1065 3381 1090 3426 et
1108 3380 1176 3426 tenet
1192 3376 1347 3428 ecclesian.

143 3464 186 3510 Ae
202 3478 253 3526 per
268 3462 315 3510 boc
333 3460 401 3509 1111111
419 3462 485 3526 qood
502 3461 534 3510 de
548 3463 713 3526 peremtione
731 3462 836 3511 Mariae
855 3461 966 3510 Faustae
978 3463 1080 3526 possit,
1104 3462 1169 3526 quod
1184 3467 1286 3525 patrem
1303 3464 1347 3510 lo·

145 3548 233 3597 benit
254 3563 285 3597 ee
307 3547 376 3597 triba
393 3547 458 3596 Levi
477 3549 632 3598 sacedotes
650 3548 774 3612 mendam
791 3548 889 3596 nomiae
907 3547 1032 3604 locatim,
1057 3549 1117 3611 qaia
1135 3548 1281 3596 emosicsms
1298 3563 1347 3598 sos

142 3637 192 3690 eet,
210 3647 261 3682 sos
278 3647 316 3680 sse
333 3631 500 3694 cosdriapit5
523 3632 568 3680 sed
586 3632 662 3680 etiam
679 3633 703 3679 si
720 3632 767 3680 loc
785 3631 924 3689 crederem,
948 3632 1030 3694 ipsam
1045 3631 1133 3694 potius
1150 3632 1264 3680 Iooclss'srs
1281 3632 1348 3681 dies·

141 3733 199 3765 ress
217 3715 306 3780 olipso
322 3716 395 3765 ssodo
413 3716 448 3764 ad
467 3716 555 3765 David
572 3721 718 3779 sumpsissem
732 3716 889 3777 pertinuisse
906 3720 932 3764 et
949 3715 1126 3778 aliquomodo
1144 3732 1176 3764 ee
1192 3715 1262 3764 tribe
1280 3716 1349 3765 Inda

142 3801 172 3850 iss
191 3801 285 3850 tribsss
301 3800 365 3850 Leoi
373 3801 462 3865 ssisee
480 3801 636 3865 adoptatam.
656 3825 666 3836 ·
683 3800 744 3850 Hoc
761 3817 805 3865 epo
818 3802 908 3865 potios
925 3800 965 3849 rel
983 3799 1036 3849 tals
1054 3799 1154 3864 aliquid
1172 3801 1307 3858 crederem,
1324 3801 1348 3850 si

142 3887 220 3937 illias
238 3888 398 3952 apocryphae
420 3888 565 3950 scripturae
586 3886 629 3934 sbi
646 3888 759 3935 Ioachim
778 3890 858 3950 pater
876 3886 980 3935 Mariae
999 3886 1093 3953 lepitsr
1110 3888 1267 3936 auctoritate
1283 3887 1347 3936 deti·

139 3990 234 4033 neser,
262 3989 336 4038 quase
356 3962 461 4022 sseitiri
482 3972 639 4037 mespelium
738 3971 792 4022 Sed
815 3973 986 4036 impugnanti
1005 3977 1147 4036 tantopere
1166 3973 1348 4037 apocryphum

139 4062 239 4113 Fausti
258 4061 355 4110 librum
373 4061 476 4110 mantio
494 4060 643 4128 apocryphi
660 4060 730 4111 eiius
749 4061 853 4123 scripti,
873 4074 925 4124 quo
943 4059 978 4109 sd
997 4058 1125 4109 tuendam
1143 4075 1197 4109 rem
1216 4074 1289 4109 susm
1306 4058 1348 4110 nti

140 4151 246 4211 posset,
267 4160 323 4197 oon
341 4148 493 4209 opportune
512 4149 579 4194 erat.

230 4237 254 4302 ³)
274 4237 317 4288 Cf.
334 4237 402 4302 Opp.
416 4236 556 4302 Chryscst.
571 4236 613 4287 ed.
625 4238 777 4287 Mantiane.
798 4237 921 4286 tom.V1.
940 4236 1107 4302 pag.XXIV.
1143 4236 1210 4285 Noas
1228 4240 1294 4287 me
1309 4237 1347 4286 ee·-

139 4324 227 4372 dorso
243 4322 370 4386 moos
390 4336 440 4370 sose
462 4320 623 4370 invertibilis
645 4336 723 4384 sepse
746 4320 937 4370 irrationabilis
958 4321 1044 4378 docet,
1071 4320 1173 4384 quando
1192 4325 1267 4383 perta
1289 4323 1348 4370 esset

140 4425 208 4474 qaae
225 4409 310 4473 essert
327 4407 420 4466 lacae,
440 4409 534 4472 Ioseph
551 4408 639 4458 obrem
656 4412 721 4457 erat.
