3000 4912
196 318 258 379 376
629 320 739 371 unsre
759 324 884 375 riuum.
908 325 964 373 xv.

196 478 274 536 tuus
296 468 417 534 Elias?
462 471 509 534 Et
536 470 620 535 dixit
646 473 726 555 quia
754 480 943 556 assumptus
967 474 1074 538 estin
1098 470 1234 537 caelum.
1278 469 1326 533 Et
1349 469 1401 532 di·

196 580 316 638 xerunt
339 573 381 637 ad
404 575 590 639 Elisaeum:
612 573 784 660 Numquid
808 578 945 660 spiritus
968 578 1082 659 rapuit
1103 598 1177 640 eum
1201 582 1234 639 et
1256 573 1403 656 proiecit

196 699 271 742 eum
299 678 333 740 in
360 699 461 740 unum
490 700 529 740 ex
558 680 746 746 montibus?
792 681 847 746 sed
876 682 982 764 magis
1010 681 1167 745 tollamus
1194 698 1314 760 pueros
1341 696 1402 740 no-

197 789 283 844 stros
314 779 484 843 nobiscum
517 787 550 844 et
577 783 786 864 requiramus
816 805 899 848 eum.
949 784 995 846 Et
1022 782 1300 847 confirmaverunt
1328 779 1401 842 Eli·

196 903 323 962 saeum‚
358 887 391 945 et
418 881 489 945 ibat
516 904 590 946 cum
616 883 701 947 illis:
733 890 767 948 et
795 885 1010 967 quaesierunt
1039 906 1114 949 eum
1145 883 1252 948 tribus
1280 880 1401 945 diebus

197 992 230 1049 et
252 986 359 1049 tribus
387 985 554 1068 noctibus,
586 993 620 1051 et
649 1009 714 1051 non
743 989 941 1054 invenerunt
968 1010 1056 1069 eum,
1088 987 1245 1071 quoniam
1272 1005 1401 1049 assum-

196 1097 273 1174 ptus
302 1097 361 1156 est.
408 1091 455 1154 Et
483 1111 583 1173 nunc,
611 1092 687 1174 viri,
716 1093 828 1157 audite
856 1116 920 1175 me,
950 1099 983 1158 et
1009 1093 1180 1157 mittamus
1207 1091 1242 1154 in
1269 1110 1401 1154 omnem

195 1194 358 1261 Israelem
386 1203 419 1260 et
447 1195 617 1260 videamus
644 1218 686 1261 ne
714 1197 835 1262 alicubi
865 1206 1055 1281 assumptus
1082 1197 1126 1260 sit
1148 1195 1243 1260 Iesus
1268 1202 1301 1259 et
1324 1215 1401 1276 pro·

195 1300 301 1364 iectus
330 1301 374 1365 sit
401 1301 435 1364 in
464 1322 566 1364 unum
594 1322 634 1364 ex
660 1301 836 1368 montibus.
884 1303 931 1366 Et
958 1302 1084 1384 placuit
1112 1300 1263 1366 omnibus
1290 1319 1400 1363 sermo

196 1403 268 1469 iste.
312 1405 359 1469 Et
382 1406 543 1469 miserunt
566 1405 599 1468 in
618 1406 768 1470 omnibus
786 1407 952 1471 montibus
971 1405 1078 1470 Israel
1098 1426 1258 1488 quaerere
1276 1402 1400 1484 Iesum,

197 1514 230 1572 et
261 1528 327 1571 non
359 1508 554 1572 invenerunt
586 1530 677 1587 eum3
715 1509 911 1574 invenerunt
943 1517 1056 1574 autem
1087 1507 1209 1589 Ioseph
1247 1506 1288 1570 ab
1321 1505 1400 1570 Ari·

196 1612 332 1694 mathia‚
356 1618 389 1676 et
410 1633 505 1676 nemo
529 1633 630 1676 ausus
654 1612 718 1677 fuit
741 1613 1017 1696 comprehendere
1041 1635 1124 1678 eum.

285 1715 358 1778 ΒΕἰ
380 1713 663 1779 annuntiaverunt
685 1716 869 1780 senioribus
896 1723 929 1781 et
957 1713 1185 1779 sacerdotibus
1214 1720 1248 1777 et
1270 1711 1400 1776 Levitis

197 1817 277 1899 quia
314 1816 556 1879 circumivimus
593 1838 705 1881 omnes
743 1824 870 1881 montes
902 1816 1011 1882 Israel
1046 1823 1079 1880 et
1113 1836 1178 1878 non
1215 1813 1400 1878 invenimus

142 1963 153 1985 Ι
197 1918 327 1996 Iesum3
364 1918 548 1981 invenimus
586 1925 698 1982 autem
735 1917 856 2000 Ioseph
893 1919 927 1981 in
958 1917 1160 1982 Arimathia.
1212 1914 1400 1979 Audientes

198 2028 308 2087 autem
332 2021 371 2085 dc
393 2020 515 2103 Ioseph
539 2022 644 2104 gavisi
672 2030 750 2086 sunt
778 2031 811 2086 et
841 2023 1003 2087 dederunt
1031 2022 1170 2103 gloriam
1199 2019 1260 2083 deo
1282 2018 1401 2083 Israel.

197 2200 232 2247 ad
251 2198 320 2247 Elis.
339 2197 368 2259 (n
387 2198 422 2246 ad
440 2198 504 2260 eum)
522 2222 532 2232 ·
551 2197 589 2246 Es
606 2198 674 2246 dicit
691 2198 752 2260 quia
770 2213 819 2246 ass.
843 2196 870 2256 (Β
893 2196 988 2258 Quibus
1005 2196 1053 2245 ille
1070 2197 1124 2245 din.
1145 2197 1216 2252 Ass„
1240 2208 1256 2246 c
1275 2195 1314 2243 Ee
1331 2210 1399 2258 resp.

198 2282 268 2343 Ass.)
287 2309 297 2319 ·
316 2284 477 2333 mesinae
496 2283 566 2331 Elis.
592 2281 621 2342 (n
640 2282 674 2344 es)
700 2282 791 2346 Numq.
817 2280 844 2342 (c
868 2284 910 2330 At·
925 2283 968 2330 illi
986 2280 1089 2345 Numq.)
1107 2281 1171 2344 spir.
1191 2277 1310 2340 (ndens)
1329 2304 1339 2314 ·
1357 2279 1402 2326 sed

196 2369 278 2432 meqis
301 2367 329 2428 (n
349 2369 414 2418 hsce
439 2383 495 2429 om3
521 2369 675 2419 edixerrmt
692 2368 763 2431 erpo)
788 2368 844 2417 toll.
863 2368 892 2430 (Β
911 2367 963 2417 edd
986 2367 1058 2430 erpo)
1076 2393 1086 2402 ·
1104 2366 1197 2419 nebim.
1217 2365 1244 2421 (c
1263 2365 1317 2428 om)
1336 2390 1346 2400 -
1364 2364 1403 2412 Et

196 2453 309 2518 confirm.
330 2453 391 2501 Elis
413 2453 491 2514 (hsec
511 2468 552 2501 om
573 2453 599 2514 c)
618 2479 628 2489 -
646 2457 672 2502 et
689 2452 715 2514 (c
733 2452 788 2513 sed)
806 2469 856 2502 non
874 2454 955 2502 insen.
973 2479 983 2488 -
1001 2456 1146 2515 assumptus
1162 2450 1215 2513 (ite
1232 2466 1264 2508 s3
1289 2462 1323 2500 nc
1341 2465 1400 2498 sere

197 2540 261 2603 sss.)
280 2544 318 2589 est
336 2538 363 2602 (c
378 2540 484 2605 suerat)
504 2556 563 2589 cum
581 2553 634 2591 nnc
654 2577 683 2589 ..
704 2529 766 2590 „nbc
785 2539 847 2589 eder
870 2539 909 2589 Ee
926 2542 999 2589 docet
1016 2554 1062 2588 nos
1079 2539 1211 2602 scriptura
1228 2537 1294 2600 quod
1313 2537 1401 2585 matus

197 2627 277 2676 Elias
290 2627 417 2690 propbeta
431 2624 506 2687 (edl’r
518 2624 571 2688 om)
585 2630 728 2689 assumptus
744 2630 790 2674 est.
827 2626 866 2674 Es
883 2626 1058 2687 interropatus
1070 2623 1208 2672 Helisaeus
1225 2638 1240 2670 a
1251 2622 1325 2688 filiis
1337 2636 1398 2686 pro·

193 2715 329 2777 puetarum
344 2714 393 2761 Ubi
404 2717 442 2763 est
449 2717 529 2777 pater
541 2715 626 2761 noster
636 2713 730 2761 Elias?
748 2713 816 2761 disis
827 2713 864 2761 eis
876 2713 936 2775 quie
949 2714 1092 2774 asmemptue
1103 2714 1148 2759 est.
1167 2710 1207 2758 Es
1217 2709 1400 2774 dieenuntjils'i

194 2802 378 2865 propbetcmum
396 2801 431 2848 ad
448 2816 502 2848 eum
516 2800 636 2848 Forsitan
648 2800 758 2861 spiritus
769 2798 842 2860 (edpr
854 2797 908 2848 edd
920 2797 984 2860 dus)
997 2798 1070 2847 illum
1082 2798 1172 2862 rapuit
1185 2800 1211 2846 et
1224 2797 1314 2858 posuit
1326 2795 1400 2858 (edm

195 2885 283 2950 punit)
297 2885 370 2933 illum
383 2883 439 2945 (12⁸⁸e
450 2900 492 2933 om
504 2889 530 2933 et
544 2901 602 2948 pos.
616 2883 671 2946 ill.)
684 2886 710 2932 in
728 2884 853 2933 montibus
864 2884 958 2933 Israel.
986 2883 1037 2931 Sed
1049 2882 1172 2945 eliqumus
1183 2881 1399 2938 moerebimus,

197 2976 223 3021 et
239 2974 419 3021 circumeuntes
436 2976 531 3020 montes
548 2971 634 3020 Israel
646 2972 766 3036 forsitan
783 2972 935 3020 inveniemus
952 2987 1015 3018 eum.
1045 2970 1085 3018 Et
1101 2971 1233 3033 deprecati
1250 2972 1309 3017 sunt
1327 2967 1399 3017 Heli·

197 3073 282 3106 saeum
295 3056 369 3117 (edP‘
381 3073 423 3105 om
436 3057 569 3120 Eiusque
583 3056 669 3119 net),
683 3062 707 3106 et
720 3058 859 3106 ambulavit
871 3057 946 3118 (etil'r
958 3057 1010 3106 edd
1024 3056 1172 3119 Helisaeus)
1185 3072 1240 3104 cum
1251 3056 1307 3104 iliis
1319 3055 1401 3105 tribus

197 3141 292 3199 diebus,
308 3144 334 3189 et
345 3157 394 3190 non
406 3142 555 3189 inuenerunt
567 3156 631 3190 eum.
647 3141 652 3202 Ι
668 3141 706 3189 Et
717 3157 783 3189 neme
793 3142 846 3189 uiri
859 3139 889 3202 (Β
902 3141 976 3189 Nune
988 3156 1056 3204 erpo,
1075 3153 1091 3191 c
1104 3140 1178 3188 Nune
1189 3155 1249 3203 erpo
1262 3138 1400 3199 carissime)

198 3253 209 3264 ·
227 3227 254 3274 in
271 3240 366 3275 omnem
384 3229 436 3275 Isr-
457 3224 484 3286 (c
503 3225 530 3273 in
547 3226 614 3273 omni
633 3225 729 3285 Israel)
748 3252 758 3261 ·
775 3241 806 3274 ne
823 3225 884 3274 alie.
903 3229 1046 3289 assumptus
1063 3250 1073 3260 ·
1091 3241 1122 3273 es
1139 3225 1263 3274 montibus
1281 3224 1333 3284 (its
1351 3237 1400 3282 ΑΒῑ

198 3325 214 3362 c
232 3311 316 3360 siles.
330 3310 422 3360 Obriet.
435 3313 528 3373 raptus
545 3309 641 3358 alieubi
658 3327 675 3358 a
693 3311 788 3372 spiritu
802 3312 933 3372 proiectu
950 3311 1010 3370 est.)
1030 3326 1089 3359 cum
1102 3322 1154 3361 sne
1168 3344 1175 3358 .
1190 3344 1197 3358 ·
1212 3299 1274 3359 D⁸b⁰
1286 3310 1402 3358 Eiusne

198 3397 272 3459 (edpr
290 3395 391 3461 Itaque)
410 3397 498 3445 audite
514 3412 565 3454 me,
585 3396 643 3462 filii
661 3396 762 3454 Israel,
785 3401 811 3446 et
828 3398 958 3445 mittamus
974 3401 1044 3446 viros
1063 3398 1091 3445 in
1108 3400 1203 3445 montes
1221 3394 1294 3456 (edpr
1311 3395 1401 3456 tibus)

199 3482 298 3540 Israel,
321 3498 352 3530 ne
365 3482 441 3545 forte
458 3481 578 3542 rapuerit
594 3481 703 3544 spiritus
721 3484 816 3538 lesura,
841 3486 866 3530 et
878 3483 998 3546 forsitan
1016 3482 1169 3529 inveniemus
1185 3496 1240 3530 emm
1257 3484 1283 3528 et
1301 3495 1402 3544 operm

198 3569 273 3632 (edl'r
285 3586 326 3619 om
345 3585 400 3618 emm
417 3573 444 3618 st
460 3567 516 3632 aa.)
531 3569 724 3630 poenitentiam.
742 3572 746 3629 1
762 3569 875 3617 omnibus
893 3569 919 3632 (c
931 3568 1068 3631 universis)
1080 3584 1161 3617 sermm
1177 3569 1226 3616 iste
1238 3566 1267 3629 (s
1280 3584 1322 3616 om
1341 3570 1401 3625 iste,-

198 3671 214 3708 c
228 3673 297 3720 quem
311 3657 409 3706 loeutus
426 3660 465 3704 est
477 3654 639 3719 Nieodemue)
652 3670 712 3704 cnm
724 3668 776 3706 suc
796 3692 802 3705 .
819 3692 825 3704 .
845 3646 908 3707 ΒΜ
920 3657 988 3705 onmr·
1001 3655 1098 3718 populo
1117 3655 1249 3704 eonsilium
1261 3655 1402 3713 Menaeni,

199 3746 263 3794 item
278 3743 339 3794 edpr
352 3758 432 3792 sermo
444 3743 511 3791 omni
524 3742 621 3805 populo
637 3741 641 3803 Ι
657 3743 696 3791 Et
712 3744 767 3791 mie.
779 3744 806 3791 in
825 3744 937 3792 omnibus
953 3747 1030 3792 ment.
1048 3742 1075 3803 (c
1094 3743 1155 3792 Mis.
1169 3743 1250 3806 ipitsm
1267 3744 1302 3791 ad
1320 3759 1404 3792 omnes

198 3828 304 3890 montes)
317 3827 404 3876 Israel
421 3852 432 3862 ·
450 3828 573 3889 eompreb.
586 3842 640 3875 erun
653 3825 682 3887 (s
694 3828 794 3876 mittere
811 3829 839 3875 in
856 3844 911 3876 eum
928 3825 1039 3888 manuus)
1058 3842 1116 3875 cnm
1130 3839 1182 3877 sne
1195 3861 1218 3876 ..
1231 3815 1293 3876 1>⁸b⁰
1304 3826 1367 3876 edF'
1378 3832 1404 3877 et
1432 3867 1434 3872 .

197 3918 320 3966 miseruut
331 3915 401 3964 viros
412 3918 437 3962 et
449 3911 523 3974 (edpr
535 3917 560 3962 et
570 3915 654 3963 missis
665 3914 741 3973 einis)
755 3918 904 3977 quaerentes
920 3929 970 3962 non
988 3913 1234 3962 inveneruntrlesum
1247 3911 1322 3973 (odl'r
1335 3912 1402 3974 om).

199 4002 238 4050 Et
258 4000 355 4049 reversi
378 4002 445 4047 eunt.
466 3996 517 4060 (its
536 3997 612 4057 edP¹;
641 3999 738 4062 reliqui
757 3998 854 4047 omisso
879 4003 939 4047 eunt
961 3998 1054 4047 stetim
1073 4000 1190 4061 pergunt
1207 3997 1329 4046 dixerunt
1348 3996 1402 4045 Oir·

199 4087 377 4143 consentibus,
398 4098 465 4149 quse
484 4085 518 4135 sd
537 4100 612 4149 seqq.
631 4088 724 4134 nostre
744 4085 904 4148 pertinent.)

268 4174 292 4221 2.
328 4170 367 4219 Et
384 4173 489 4218 annunt.
509 4166 538 4228 (Δ
556 4173 635 4226 nunt,
655 4182 669 4219 c
688 4170 803 4217 Annunt.
823 4165 918 4228 autem)
937 4183 987 4216 een.
1006 4171 1031 4216 et
1051 4183 1103 4217 sne.
1122 4171 1147 4215 et
1164 4165 1224 4215 Les.
1245 4164 1306 4229 (pro
1325 4165 1368 4215 his
1387 4178 1403 4216 c

199 4256 316 4317 Iudaeis)
335 4256 396 4320 quin
420 4254 449 4316 (Β
467 4254 590 4316 dieentes)
610 4254 778 4302 Oiresunisim.
798 4253 826 4316 (A
843 4253 965 4315 iverunt)
984 4278 994 4288 ·
1012 4253 1150 4300 invenimus
1170 4250 1199 4312 (s
1217 4249 1331 4314 mut)
1351 4251 1403 4307 Ia,-

198 4343 314 4392 ineenim.
333 4346 416 4391 autem
440 4339 468 4402 (s
488 4339 582 4402 tumen)
601 4341 640 4391 lo.
658 4342 686 4389 iu
704 4339 750 4402 (ΑΒ
769 4339 812 4402 ab)
831 4341 914 4388 Arim.
933 4340 1003 4388 And.
1024 4342 1107 4387 autem
1131 4337 1176 4399 (Bc
1199 4337 1253 4386 edd
1270 4335 1375 4399 Iudaei)
1392 4361 1403 4372 ·

196 4443 256 4492 pas.
275 4431 334 4476 sunt
356 4427 384 4489 (Β
407 4425 460 4475 edd
479 4427 589 4489 pandis,
617 4438 632 4476 c
651 4426 730 4488 paud.
749 4422 851 4488 mono)
876 4428 902 4473 et
923 4423 979 4473 ded.
1003 4422 1030 4485 (c
1054 4422 1155 4484 dantes)
1174 4447 1185 4458 ·
1202 4423 1249 4472 deo
1267 4423 1321 4472 Isr.
1342 4436 1403 4472 oum
