2962 4912
406 335 641 390 avuncunlum
660 338 807 389 unomen
826 339 996 391 Lamnum.
1023 340 1054 390 X.
1072 340 1118 390 XI.
1302 344 1365 406 175

190 490 232 558 sel
245 487 443 569 adputeum,
461 494 561 553 erant
576 488 626 554 ibi
636 489 807 573 plurimae
819 489 942 555 turbae
961 496 996 555 et
1011 490 1194 575 fregerunt
1205 493 1362 577 hydriam

189 598 257 661 eins.
298 589 310 630 ²
326 587 409 672 Ipse
424 610 505 656 vero
523 594 660 677 accepit
676 591 823 677 pallium
840 595 926 676 eius,
944 595 980 658 in
998 615 1066 677 quo
1086 591 1309 678 induebatur,
1328 603 1363 661 et

184 693 319 781 inplevit
342 712 422 757 eum
446 714 552 777 aqua,
579 702 614 761 et
637 696 758 761 attulit
781 695 916 762 Mariae
941 698 1044 762 matri
1070 699 1156 763 eius.
1203 697 1362 783 Cumque

181 807 277 868 mater
289 796 434 862 vidisset
449 799 654 865 miraculum
671 800 765 883 quod
787 800 872 865 fecit
887 800 1004 883 Iesus,
1028 800 1186 866 osculata
1207 809 1261 868 est
1283 824 1385 868 eum=

178 916 206 971 et
219 900 314 968 dixit:
347 899 511 984 Domine,
529 903 724 969 exaudime
742 910 777 968 et
793 905 888 969 salva
904 903 1013 968 filium
1030 925 1154 970 meum.

314 1071 410 1127 Carnu
429 1077 460 1129 X.
496 1078 671 1138 QUOMODO
690 1080 791 1130 lusus
811 1079 1006 1129 sumuntur
1025 1079 1205 1131 TRITICUM.

248 1188 358 1256 ¹Oum
375 1198 492 1258 autem
509 1200 603 1260 esset
613 1201 749 1279 tempus
762 1197 968 1278 seminandi,
987 1216 1149 1279 egressus
1166 1201 1220 1261 est
1229 1195 1361 1279 Ioseph

167 1297 201 1362 ad
225 1293 474 1361 seminandum
499 1299 669 1380 triticum,
695 1305 731 1364 et
755 1305 896 1364 secutus
922 1306 977 1364 est
1004 1319 1083 1363 eum
1108 1297 1220 1363 Iesus.
1265 1297 1360 1363 Dum

163 1407 276 1466 autem
292 1399 410 1480 coepit
426 1400 597 1466 seminare
615 1401 756 1486 Ioseph,
780 1402 937 1469 extendit
952 1425 1092 1468 manum
1107 1401 1209 1467 Iesus
1227 1408 1262 1466 et
1277 1402 1361 1465 tulit

162 1503 195 1567 de
207 1499 336 1565 tritico
354 1509 524 1583 quantum
541 1504 675 1588 pugillo
692 1513 812 1571 tenere
828 1507 946 1590 potuit
964 1512 999 1570 et
1015 1504 1191 1587 dispersit.
1224 1505 1235 1536 ²
1251 1503 1361 1570 Venit

160 1624 238 1688 ergo
263 1600 394 1686 Ioseph
420 1605 456 1669 in
481 1610 636 1689 tempore
662 1608 816 1673 metendi
842 1615 881 1672 ut
906 1613 1053 1672 meteret
1077 1627 1226 1671 messem
1251 1627 1360 1670 suam.

158 1704 267 1773 Venit
287 1711 323 1770 et
337 1704 456 1790 Iesus,
478 1709 621 1794 collegit
641 1711 757 1792 spicas
781 1731 867 1794 quas
889 1710 1118 1793 disperserat,
1142 1715 1177 1774 et
1198 1708 1360 1773 fecerunt

158 1814 298 1876 centum
314 1810 432 1876 modia
449 1811 571 1895 optimi
589 1811 769 1892 frumenti3
791 1819 827 1877 et
840 1812 976 1878 vocavit
991 1831 1164 1895 pauperes
1186 1816 1221 1876 et
1236 1811 1358 1875 viduas

156 1921 182 1979 et
200 1911 405 1997 orphanos,
429 1920 465 1979 et
486 1917 641 1999 erogavit
660 1915 732 1981 illis
755 1917 910 1980 triticum
934 1914 1027 1998 quod
1048 1913 1190 1980 fecerat.
1228 1913 1360 1997 Ioseph

153 2018 240 2082 tulit
265 2015 307 2080 de
340 2017 417 2099 ipso
442 2017 617 2084 frumento
642 2019 816 2085 modicum
840 2039 903 2102 pro
930 2018 1178 2085 benedictione
1204 2017 1288 2083 Iesu
1319 2018 1357 2082 in

151 2120 296 2187 domum
313 2141 422 2185 suam.

220 2293 318 2346 Carum
338 2296 384 2348 XI.
420 2295 595 2355 QUOMODO
614 2297 714 2348 lusus
733 2297 960 2355 ADAEQUAVIT
978 2297 1119 2347 LIGNUM
1137 2297 1289 2347 BREVIUS

667 2381 848 2433 LONGIORI.

247 2496 323 2561 1Εἰ
347 2496 461 2564 factus
487 2505 540 2564 est
564 2498 665 2565 Iesus
691 2519 861 2564 annorum
888 2503 977 2563 octe.
1030 2496 1118 2562 Erat
1145 2497 1359 2563 architector

145 2599 300 2681 Ioseph,
324 2607 360 2665 et
380 2601 534 2668 faciebat
553 2602 628 2685 ipse
650 2607 766 2668 aratra
790 2609 825 2666 et
844 2601 927 2684 iuga
947 2598 1086 2665 bobum.
1124 2597 1282 2681 Quadam
1299 2599 1356 2664 die

147 2776 252 2826 codice
263 2789 280 2825 n
293 2781 375 2840 capnt
388 2781 430 2827 est
442 2776 558 2837 XXXV„
579 2778 649 2842 quod
669 2777 839 2828 inscribitur:
868 2775 941 2838 Quod
955 2776 1027 2824 Iesus
1044 2774 1135 2825 attulit
1150 2775 1239 2823 beatae
1251 2774 1358 2824 Mariae

147 2861 285 2926 squamis
294 2860 381 2925 pallio
393 2878 446 2912 auc.
471 2862 535 2913 Pars
553 2864 645 2928 prior
664 2864 702 2912 sic
719 2862 815 2912 habet:

233 2944 285 2995 Cum
301 2952 385 2997 autem
393 2951 488 3014 sactus
498 2951 596 3015 fuisset
607 2951 680 3000 Iesus
698 2965 821 2999 annorum
833 2949 953 3012 quiaque,
973 2948 1047 2996 iussit
1063 2947 1087 2995 ei
1099 2950 1180 2995 mater
1193 2946 1247 2995 eiua
1262 2951 1291 2996 ut
1307 2948 1359 2997 iret

150 3047 211 3079 ram
230 3032 302 3096 ydria
320 3035 355 3083 ad
363 3035 466 3098 sontem
484 3037 589 3084 haurire
606 3052 706 3099 aquom.
731 3035 835 3084 Etcum
853 3035 961 3083 uenisset
977 3033 1138 3096 adpeterent,
1157 3037 1215 3082 erat
1230 3031 1266 3081 its·
1281 3033 1359 3081 turba

147 3115 267 3180 plflrim
274 3135 414 3183 worma
425 3122 595 3185 etfrepersat
603 3123 706 3188 ydriam
718 3123 779 3170 eius.

228 3199 291 3254 llsrn
305 3206 329 3254 2.
349 3208 387 3255 At
399 3206 444 3255 ille
456 3207 581 3271 expandit
588 3207 699 3272 pallium
711 3223 791 3265 auum,
804 3222 851 3271 quo
864 3206 991 3263 utebatur,
1009 3209 1035 3254 et
1047 3203 1160 3268 implevit
1172 3202 1238 3252 illud
1251 3220 1319 3268 aqua
1331 3209 1358 3254 et

152 3285 245 3336 athlie
260 3291 295 3339 ad
307 3291 423 3341 Mariam
435 3297 540 3342 matrem
552 3309 631 3342 saara
658 3293 764 3357 Curaque
776 3293 881 3341 vidisset
893 3295 975 3340 mater
992 3292 1046 3340 cisra
1057 3289 1189 3338 mirabilia
1202 3306 1266 3354 quae
1275 3290 1357 3355 fecit,

152 3370 270 3423 meaa
281 3381 321 3426 est
332 3377 403 3440 (cod.
417 3378 478 3428 Vat.
491 3378 652 3428 obsoletatus
664 3379 713 3441 est)
727 3395 780 3427 eam
792 3384 818 3428 et
829 3380 896 3427 dixit
909 3383 961 3427 etr.

219 3457 252 3510 X.
278 3460 318 3511 cf.
338 3476 432 3528 evang.
451 3464 544 3514 Thom.
562 3464 662 3515 Graece
679 3465 704 3513 A
721 3464 782 3515 XII.
815 3464 883 3514 Item
902 3463 945 3513 Ps.
964 3462 1064 3512 March.
1084 3459 1201 3510 XXXIV.
1235 3461 1354 3511 Eandem

152 3537 325 3597 historiarum
339 3549 423 3600 codex
437 3550 656 3615 capiteXXXVI.
672 3551 794 3608 exhibet,
814 3550 885 3615 quod
903 3547 1073 3598 inscribitur:
1098 3547 1138 3595 De
1157 3546 1244 3596 tritico
1262 3563 1279 3594 o
1296 3545 1355 3595 Iesu

151 3622 332 3692 nultiplicata.
357 3634 445 3685 Verba
458 3637 496 3686 sic
511 3636 626 3688 habent:

212 3715 245 3766 1.
264 3719 363 3770 Iterum
372 3723 482 3786 quadum
491 3723 532 3771 die
545 3723 810 3788 cumfactumfaisret
821 3726 917 3783 tempas
928 3707 1077 3792 s'emiaoadi,
1090 3733 1204 3781 eprerrar
1215 3723 1253 3767 ert
1262 3717 1357 3783 Ioseph

149 3791 178 3838 Μ
189 3805 377 3855 temiaaadam
394 3809 507 3857 triticum
524 3810 551 3857 ia
569 3825 647 3873 apro,
666 3814 691 3859 et
703 3812 802 3858 semotus
813 3811 851 3857 eat
867 3821 922 3856 eam
933 3804 1014 3854 Iesus.
1038 3804 1106 3852 Dum
1124 3807 1207 3852 autem
1218 3804 1356 3853 seminaret

147 3873 258 3950 IWPR,
277 3892 502 3943 calcantesium
520 3899 545 3944 et
562 3895 623 3944 tulit
635 3895 747 3945 triticam
760 3897 879 3958 quantum
887 3892 973 3954 potuit
981 3888 1083 3955 pupillo
1097 3888 1179 3951 (hanc
1193 3889 1353 3952 scripturam

146 3963 231 4023 ‘litua
247 3977 282 4026 od
295 3977 384 4029 Vatic.
397 3979 494 4029 librum
507 3981 705 4039 transtulimus,
718 3980 764 4030 ubi
777 3987 819 4031 est
828 3977 939 4044 pusillo)
950 3982 1035 4026 team
1047 3980 1072 4025 et
1084 3975 1214 4039 dispersit.

207 4059 247 4110 2.
270 4061 345 4113 Venit
356 4080 417 4128 erqo
429 4090 439 4103 ·
451 4067 559 4115 metendi
568 4072 593 4116 ct
602 4066 675 4117 Iesus
683 4083 737 4116 cum
746 4082 774 4116 ec
787 4070 812 4115 et
821 4064 925 4129 collepit
933 4064 1019 4128 apicas
1028 4077 1092 4126 quar
1100 4061 1267 4124 disparserat,
1280 4061 1355 4124 quasi

141 4142 250 4225 Qum
261 4150 364 4200 modios.
389 4151 428 4200 Er
440 4153 548 4215 repebat
555 4169 686 4218 pauperes
701 4157 725 4202 et
745 4153 834 4202 uiduae
850 4154 875 4200 et
891 4151 963 4214 orph.
977 4145 1049 4198 Iesus
1065 4151 1094 4196 at
1106 4145 1227 4195 tollerent
1239 4146 1354 4194 triticum

139 4231 237 4280 ΨΜ»
249 4237 435 4300 quemfecerot.
462 4237 533 4287 Pelii
550 4255 610 4303 erpo
628 4244 653 4288 et
665 4238 757 4303 Ioseph
769 4238 877 4288 modium
889 4236 972 4286 tritici
984 4233 1056 4284 illius
1075 4234 1101 4282 ia
1113 4233 1211 4282 danum
1222 4247 1293 4281 mom
1301 4247 1353 4296 pro

136 4298 322 4371 l‘lttlr'ett'cae
332 4322 401 4372 Iera.

218 4408 291 4456 venit
301 4413 339 4458 et.-
357 4414 382 4459 et
394 4426 448 4460 non
461 4416 504 4461 est
516 4412 545 4462 iu
558 4411 650 4462 codice
664 4411 752 4464 Vatic.

220 4489 271 4543 11.
289 4491 328 4544 Ol.
344 4511 439 4562 evang.
451 4496 544 4547 Thom.
559 4496 603 4547 Gr.
616 4500 638 4547 Δ
650 4496 726 4549 XIII.
746 4505 774 4549 et
791 4500 814 4549 B
826 4496 872 4548 XI.
897 4496 966 4549 Item
978 4493 1197 4547 Pseudo-Matth.
1210 4486 1352 4546 xxxvn,
