3000 4912
591 304 703 355 cnara
721 305 849 355 urnam.
875 305 932 356 xv,
1299 305 1358 368 381

159 455 317 538 populum
349 454 411 520 dei.
464 454 613 539 Ideoque
644 462 781 521 vocatus
813 477 860 537 es,
893 462 927 521 et
956 478 1043 521 nunc
1074 457 1235 523 annuntia
1266 457 1360 521 nobis

160 557 249 640 quod
272 564 323 622 est
344 556 481 622 iactum.

247 668 368 734 ‘Tunc
395 670 505 752 inquit
528 667 663 750 Ioseph:
694 667 736 731 In
759 668 812 732 die
839 690 1022 751 parasceve*
1046 670 1134 735 circa
1162 669 1278 735 horam
1306 669 1360 733 de·

159 774 278 838 cimam
305 772 487 838 inclusistis
515 793 582 852 me,
611 779 644 837 et
672 774 780 838 mansi
807 773 853 838 ibi
882 780 988 839 totum
1016 773 1190 839 sabbatum
1217 774 1360 856 plenum.

157 874 331 958 Factaque
359 875 467 940 media
495 881 607 956 nocte,
639 881 750 940 stante
778 897 830 940 me
858 882 893 941 et
922 883 1051 957 orante,
1083 877 1198 942 domus
1226 876 1283 940 ubi
1309 876 1358 938 in·

158 980 303 1044 elusistis
335 1001 387 1044 me
416 1001 576 1062 suspensa
609 987 659 1045 est
691 1001 711 1045 a
740 987 899 1063 quattuor
926 981 1070 1063 engada,
1101 980 1276 1063 factusque
1308 986 1360 1044 est

158 1104 314 1150 coruscus
344 1086 478 1149 luminis
509 1085 559 1177 5¹¹,
575 1086 680 1150 oculis
707 1087 798 1150 meis.
847 1085 894 1150 Et
923 1085 1158 1151 tremebundus
1189 1084 1293 1150 cecidi
1322 1085 1358 1148 in

156 1195 290 1254 terram.
334 1188 428 1253 'l'uno
456 1189 592 1272 quidam
620 1189 763 1254 elevavit
789 1210 841 1252 me
869 1211 890 1254 a
909 1190 989 1269 loco
1017 1187 1074 1253 ubi
1099 1188 1295 1268 cecideram,
1325 1196 1358 1252 et

155 1291 361 1373 plenitudine
391 1313 498 1375 aquae
528 1292 674 1375 perfudit
696 1312 747 1356 me
771 1313 791 1357 a
813 1293 923 1375 capite
945 1313 1050 1375 usque
1074 1292 1117 1355 ad
1138 1291 1252 1374 pedes,
1281 1290 1357 1355 odo·

155 1414 291 1476 remque
320 1396 481 1477 unguenti
509 1394 639 1459 mirifici
668 1396 757 1459 circa
783 1416 881 1460 nares
907 1416 999 1460 meas
1021 1396 1147 1477 posuit,
1176 1399 1210 1459 et
1236 1393 1356 1458 confri-

157 1497 226 1559 cuit
247 1495 367 1560 faciem
390 1517 496 1561 meam
518 1498 593 1579 ipsa
615 1517 704 1579 aqua
722 1498 818 1580 quasi
836 1498 952 1561 lavans
973 1519 1034 1577 me,
1057 1502 1091 1562 et
1113 1496 1282 1560 osculatus
1305 1500 1356 1559 est

155 1620 207 1663 me
230 1606 265 1664 et
287 1599 371 1663 dixit
393 1600 487 1664 mihi:
520 1600 656 1683 Ioseph,
684 1601 752 1665 noli
780 1601 911 1680 timere,
940 1601 998 1665 sed
1025 1600 1117 1683 aperi
1144 1600 1258 1664 oculos
1280 1606 1356 1664 tuos

155 1706 189 1765 et
202 1699 276 1765 ride
293 1701 367 1783 quis
391 1702 514 1784 estqui
536 1703 685 1785 loquitur
706 1703 777 1767 tibi.
821 1701 1003 1767 Intendens
1022 1709 1133 1767 autem
1151 1700 1218 1765 ridi
1233 1699 1355 1780 Iesum,

155 1811 189 1869 et
218 1804 434 1870 tremefactus
465 1805 625 1887 putabam
657 1806 825 1871 fantasma
856 1828 936 1871 esse.
986 1805 1148 1872 Oratione
1179 1810 1290 1870 autem
1322 1811 1356 1869 et

153 1908 340 1989 praeceptis
368 1907 529 1989 loquebar
552 1909 596 1972 ei:
625 1910 695 1991 ipse
718 1930 795 1973 vero
817 1929 946 1973 mecum
968 1907 1107 1973 dicebat.
1152 1907 1199 1971 Et
1221 1906 1289 1970 dixi
1312 1906 1355 1971 ad

154 2031 241 2074 eum:
262 2010 382 2090 Rabbi‚
397 2011 492 2076 Elias
509 2033 543 2075 es
559 2013 618 2078 tu?
643 2013 689 2077 Et
705 2012 789 2077 dixit
803 2012 897 2076 mihi:
915 2010 993 2076 Non
1009 2033 1081 2075 sum
1097 2032 1157 2094 ego
1173 2010 1278 2076 Elias.
1307 2010 1354 2074 Et

151 2269 203 2302 eoo
221 2256 320 2302 invento
333 2253 598 2315 meretricemne.)
618 2270 676 2303 cum
689 2266 741 2305 aen
755 2289 762 2304 .
777 2288 785 2303 .
798 2242 860 2304 n⁸b⁰
873 2253 934 2303 odpr
947 2255 1007 2317 quio
1019 2253 1165 2302 contristati
1177 2253 1250 2315 (edpr
1264 2253 1350 2303 Ooetr.

152 2338 228 2401 mm)
246 2354 329 2389 umas
346 2342 412 2403 quod
436 2341 551 2403 sepelisti
574 2356 666 2404 coepes
682 2342 777 2390 (1οωίηὲ
798 2340 871 2402 (edpr
889 2340 942 2403 cm)
961 2345 1028 2390 rena.
1048 2340 1121 2403 (edl'r
1139 2341 1191 2390 add
1210 2340 1245 2404 et)
1268 2342 1351 2390 Inch-

152 2424 240 2472 dentee
258 2428 282 2472 te
298 2425 326 2472 in
344 2425 456 2474 cubiculo
473 2441 523 2474 non
540 2426 678 2474 meminere
695 2429 736 2474 te.-
762 2430 788 2474 et
805 2425 929 2474 admirati
945 2440 1029 2474 mmor
1043 2425 1132 2483 nima,
1157 2429 1183 2473 et
1203 2441 1284 2487 pavor
1305 2440 1351 2474 noe

151 2511 338 2572 comprehendit
355 2511 429 2574 (edpr
443 2527 491 2576 pro
511 2512 553 2560 his
572 2512 773 2575 expavescentes)
792 2528 869 2576 usqae
886 2512 944 2560 dum
961 2510 1035 2573 (edpr
1052 2509 1141 2573 donec)
1159 2514 1184 2559 te
1201 2511 1352 2573 accepimus

147 2604 315 2662 praesentem.
332 2599 336 2662 Ι
353 2600 462 2663 Ideoque
480 2629 489 2638 -
508 2601 573 2663 quod
591 2603 629 2648 eet
639 2601 743 2663 foetum
761 2598 790 2658 (a
807 2600 961 2664 quaefacta
978 2597 1047 2660 eunt)
1065 2613 1124 2647 cum
1137 2610 1181 2656 11),
1200 2599 1264 2648 item
1278 2611 1294 2650 c
1309 2615 1351 2648 ro·

148 2699 240 2747 pomae
257 2702 317 2749 erpo
335 2689 364 2732 ut
386 2686 520 2734 monstier
541 2686 612 2734 nodie
630 2686 695 2748 quod
710 2686 814 2749 foetum
837 2688 875 2732 eet
898 2718 904 2731 .
925 2719 932 2734 .
957 2673 1020 2734 „abe
1038 2683 1099 2733 edpr
1118 2684 1208 2733 θοωηι
1225 2684 1271 2733 deo
1289 2700 1350 2747 erpo

150 2772 289 2836 manifesto
306 2771 378 2820 nobie
396 2772 461 2834 quod
479 2769 553 2832 (edpr
571 2771 631 2834 quid
649 2771 680 2821 de
698 2769 733 2831 te)
744 2772 847 2836 sactum
865 2773 912 2820 eet.

219 2865 245 2914 5.
279 2865 348 2914 auec
366 2868 418 2929 inq.
431 2866 484 2914 Ios.
500 2863 526 2927 (c
541 2866 647 2928 Cumque
659 2869 711 2914 loe.
725 2865 835 2914 iurasset
851 2879 927 2927 rupee·
944 2864 1022 2929 lepem
1033 2866 1083 2923 dei,
1102 2866 1220 2928 operiens
1237 2881 1266 2914 oe
1281 2880 1350 2914 mm

150 2949 229 3013 dixit)
248 2946 280 2998 Ic
298 2949 325 3012 (c
345 2950 396 3000 Voe
412 2951 485 2999 scitis
503 2952 563 3014 quia
581 2949 618 3012 in)
636 2951 678 2999 die
696 2949 723 3011 (c
741 2950 795 3012 om)
809 2964 915 3012 parare.
934 2948 1005 2999 circo
1023 2949 1052 3013 (a
1069 2951 1124 3011 om)
1142 2952 1232 2999 Mem
1249 2951 1303 3001 dee.
1321 2953 1349 3002 {A

150 3038 215 3086 horo
232 3037 340 3099 decimo)
363 3037 424 3087 incl.
444 3055 482 3086 me
505 3037 533 3100 (c
551 3037 604 3087 add
629 3040 655 3086 in
673 3038 826 3096 carcerem),
849 3040 874 3086 et
891 3068 901 3077 -
917 3037 1018 3100 plenum
1035 3069 1045 3078 -
1063 3042 1147 3087 etaete
1163 3055 1201 3087 me
1219 3042 1352 3087 adorante

152 3122 179 3185 (c
197 3127 230 3174 et.
242 3141 275 3173 m.
288 3125 315 3172 in
333 3127 463 3181 oration&
482 3140 499 3175 Δ
511 3126 592 3173 senae
608 3142 646 3173 me
664 3129 689 3173 et
706 3127 780 3173 oravi
791 3124 926 3187 dominam)
945 3126 1011 3175 dom.
1031 3123 1059 3186 (Δ
1076 3127 1118 3174 do.
1132 3129 1222 3183 aetem,
1242 3126 1350 3175 coalito

150 3209 207 3272 do.)
225 3209 252 3257 in
271 3225 310 3273 qu.
329 3210 390 3258 incl.
408 3227 446 3258 nze
469 3209 497 3269 (a
514 3210 557 3258 abi
575 3210 687 3258 ioelum
704 3209 768 3272 mon)
788 3240 797 3249 -
815 3210 918 3274 mapalia
935 3209 962 3272 (c
980 3209 1033 3259 add
1051 3211 1105 3259 anie
1122 3215 1189 3259 inter
1212 3212 1309 3259 terram
1326 3216 1352 3260 et

151 3292 256 3355 eoelum)
275 3310 333 3342 cum
347 3306 398 3344 acc
421 3330 427 3343 .
443 3330 449 3343 .
470 3282 532 3344 1)*Ῐ)ο
545 3292 607 3343 edl'r
619 3294 783 3357 Respondeas
799 3299 882 3343 autem
895 3296 987 3357 Ioseph
1004 3296 1073 3344 dixit
1094 3294 1200 3356 Quando
1213 3293 1257 3354 (12⁸
1270 3294 1350 3356 Bene)

151 3379 293 3428 recludetis
306 3381 350 3436 (1)ε
362 3380 436 3442 incl.)
454 3397 492 3429 me
511 3383 537 3429 in
556 3382 598 3429 die
612 3396 753 3444 parasceve
771 3380 844 3442 (edpr
856 3381 919 3443 -oee)
938 3383 972 3430 od
989 3396 1126 3444 oeepermn,
1145 3380 1273 3442 dum(1)⁸⁰
1285 3382 1350 3442 oum)

150 3465 245 3512 starem
262 3465 289 3512 in
307 3466 425 3513 oracione
442 3466 483 3514 die
500 3465 602 3513 sabbati
623 3453 665 3524 [Db
678 3469 728 3521 ·to,·
747 3464 808 3514 cdl)r
821 3481 862 3514 om
875 3467 911 3514 dt.
925 3464 1008 3527 sabb.)
1025 3466 1110 3514 medio
1126 3468 1199 3514 nocte
1211 3462 1284 3526 (adl’r
1296 3464 1350 3515 add

150 3549 275 3612 sequenti)
294 3564 415 3611 euepeneo
432 3553 470 3598 eet
487 3551 575 3598 domoc
593 3566 610 3598 a
623 3554 731 3613 minor
749 3549 850 3613 capulio
862 3548 907 3612 (1)·
919 3549 1025 3613 capelle.
1045 3549 1109 3598 item
1121 3547 1184 3611 n⁰l)
1200 3547 1205 3612 Ι
1212 3549 1351 3613 saciusque

148 3637 186 3681 eet
205 3650 258 3681 eor.
274 3631 302 3693 (1)
312 3634 439 3698 sectoque
457 3633 572 3695 comeo)
592 3633 679 3682 henin.
700 3633 746 3695 (11)
764 3633 818 3696 om)
836 3634 864 3682 in
881 3651 919 3682 oc.
933 3648 979 3682 me.
996 3648 1055 3681 cum
1068 3644 1119 3683 can
1134 3666 1141 3681 .
1156 3667 1163 3680 .
1176 3621 1239 3682 „abe
1252 3632 1314 3681 edpr
1326 3637 1351 3681 et

146 3718 202 3766 eidi
220 3719 302 3765 lerum
320 3718 385 3764 aaut
395 3716 528 3780 sulporem
546 3716 629 3780 hcciel
646 3721 671 3765 et
690 3716 720 3779 (1)
733 3723 786 3780 om)
799 3717 901 3766 uomeb.
919 3715 946 3778 (c
961 3717 1014 3765 add
1024 3718 1117 3780 foetur
1130 3731 1198 3778 prae
1215 3718 1315 3773 timore,
1334 3729 1352 3766 Β

143 3802 254 3870 pavore)
274 3820 324 3853 rec.
339 3803 366 3852 io
379 3801 407 3865 (Δ
419 3804 506 3866 cuper)
518 3808 582 3854 terr.
598 3820 657 3853 cum
670 3817 721 3855 auc
736 3841 742 3854 .
756 3839 763 3854 .
777 3804 875 3867 reliqui
888 3808 914 3853 et
925 3819 993 3866 prae
1010 3807 1102 3853 tioiore
1119 3821 1170 3855 ree.
1183 3804 1210 3852 in
1222 3803 1348 3866 (adurae)

146 3891 210 3937 terr.
234 3886 240 3951 Ι
267 3888 335 3935 lane
353 3888 455 3951 quidam
472 3888 535 3937 eleo.
552 3887 579 3950 (c
599 3889 674 3937 Eleo.
688 3905 726 3936 me
745 3888 798 3952 qu.)
817 3905 854 3936 nse
872 3904 889 3935 o
907 3887 942 3937 lc.
957 3888 999 3936 ulli
1017 3904 1067 3936 ceo.
1087 3886 1115 3949 (1)
1134 3903 1176 3936 om
1195 3905 1211 3936 u
1229 3888 1255 3937 lo
1272 3902 1296 3934 u.
1315 3887 1353 3951 c.)

145 4003 156 4016 ·
175 3976 324 4038 odoremque
342 3971 369 4035 (c
388 3978 413 4022 et
430 3974 505 4036 odor)
524 3991 582 4038 unp.
601 3975 682 4041 mirem
703 3974 731 4035 (1)
750 3974 802 4037 om)
822 3975 895 4023 eirca
913 4004 923 4015 ·
942 3975 1080 4037 consricuit
1098 3972 1127 4035 (1)
1145 3975 1319 4040 confimooit,
1339 3989 1354 4025 c

146 4064 318 4126 conspicerit,
344 4061 391 4111 sad
410 4063 432 4110 is
451 4078 466 4112 a
484 4063 587 4128 mirifici
611 4064 705 4112 statim
724 4063 758 4112 ad
780 4064 893 4126 conopic.
912 4062 1046 4126 transilit)
1065 4093 1074 4102 -
1093 4064 1150 4125 ipen
1169 4061 1195 4124 (c
1213 4078 1267 4111 cum
1286 4062 1353 4126 ipro)

146 4162 214 4212 aqua
233 4177 242 4187 -
261 4151 287 4195 et
304 4148 372 4196 dixit
389 4148 450 4195 miti
469 4148 514 4209 (Bc
532 4147 631 4211 dicen-e)
649 4178 658 4187 -
678 4149 735 4212 quie
752 4148 781 4207 (1)
795 4148 846 4211 φη)
865 4152 904 4197 eet
922 4150 965 4212 qui
983 4148 1052 4212 loqu.
1066 4148 1122 4197 tici.
1160 4150 1297 4198 Iateadene
1310 4164 1353 4198 ae·

145 4238 196 4283 tem
214 4233 242 4295 (Δ
261 4236 360 4283 intendi
377 4239 416 4291 εἰς
441 4247 455 4284 c
474 4235 593 4298 operiens
611 4239 694 4284 cutem
713 4235 800 4285 coeloe
816 4253 885 4285 meoe
902 4235 1018 4285 intellexi
1035 4236 1072 4298 et)
1091 4266 1101 4275 ·
1121 4236 1244 4298 putabam
1263 4234 1292 4297 (1)
1306 4252 1354 4300 pu·

148 4318 218 4380 tone)
237 4347 247 4358 ·
265 4320 381 4368 crotone
399 4322 481 4368 actm
499 4317 528 4379 (1)
546 4318 600 4381 om)
619 4324 645 4368 et
657 4321 806 4383 praeceptio
823 4320 850 4383 (c
865 4320 983 4384 praeces)
996 4319 1048 4384 loq.
1061 4322 1086 4369 ei
1103 4319 1130 4379 (1
1148 4321 1218 4370 male
1231 4335 1272 4369 om
1292 4336 1350 4370 ora·

146 4403 216 4452 tione
239 4419 299 4467 usq.
320 4404 368 4466 es).-
395 4405 449 4469 ipse
471 4419 530 4454 cero
552 4419 613 4454 mec.
633 4405 684 4455 die.
704 4403 732 4467 (Δ
751 4405 900 4470 loquetatur
919 4405 993 4468 mite)
1011 4435 1022 4446 ·
1044 4405 1078 4454 ad
1100 4419 1154 4454 eum
1174 4403 1203 4467 (1)
1220 4405 1353 4470 praeterit
