2962 4912
137 264 199 329 120
440 264 486 314 DE
504 265 718 316 NA‘rlvl‘rATn
735 264 881 315 nnuma.
909 263 981 314 CAP.
1000 264 1030 314 Χ.

136 422 281 499 peccato
305 415 483 498 concipies
507 422 543 480 et
564 416 679 498 paries
702 416 821 480 filium.
867 414 965 478 ⁸Hic
987 414 1055 478 erit
1069 434 1231 497 magnus,
1256 415 1342 497 quia

138 519 377 584 dominabitur
392 539 412 583 a
428 519 514 583 mari
531 540 642 602 usque
664 518 708 584 ad
724 540 817 584 mare
835 525 871 582 et
886 539 906 582 a
922 516 1063 583 flumine
1083 539 1194 601 usque
1211 518 1255 583 ad
1271 525 1344 583 ter·

137 624 249 687 minos
273 621 367 689 orbis
392 626 522 687 terrae:
546 627 581 686 et
601 621 694 687 filius
717 622 879 688 altissimi
896 621 1093 703 vocabitur,
1116 622 1199 705 quia
1218 623 1279 705 qui
1303 622 1342 684 in

137 726 241 790 terris
259 731 423 790 nascetur
438 724 591 806 humilis,
613 726 649 789 in
667 726 764 791 caelo
781 731 905 808 regnat
922 723 1096 789 sublimis:
1119 731 1155 790 et
1170 724 1268 790 dabit
1285 723 1343 788 illi

137 829 298 894 dominus
321 829 406 894 deus
430 829 547 895 sedem
563 828 678 894 David
699 830 809 912 patris
831 829 921 911 eius,
944 835 979 893 et
999 829 1161 911 regnabit
1182 828 1217 892 in
1236 828 1341 893 domo

137 932 245 997 Iacob
270 933 307 995 in
328 939 526 1015 aeternum,
550 938 585 997 et
604 931 704 1015 regni
726 933 801 996 eius
823 952 893 996 non
915 933 982 996 erit
997 930 1090 995 finis:
1114 931 1189 1014 ipse
1207 931 1344 1014 quippe

140 1058 201 1102 rex
221 1057 342 1120 regum
367 1041 403 1101 et
422 1036 582 1102 dominus
606 1035 859 1101 dominantium
881 1040 948 1117 est,
975 1040 1010 1100 et
1031 1033 1177 1100 thronus
1200 1035 1277 1099 eius
1304 1033 1344 1098 in

138 1138 296 1204 seculum
314 1139 434 1205 seculi.
480 1141 492 1175 ⁴
509 1139 577 1205 His
594 1139 711 1223 angeli
727 1139 841 1205 verbis
857 1140 953 1223 virgo
971 1159 1040 1204 non
1057 1138 1253 1219 incredula,
1278 1135 1344 1202 sed

136 1241 279 1307 modum
303 1242 392 1308 scire
416 1241 754 1325 volens'respondit:
788 1240 969 1326 Quomodo
992 1240 1088 1306 istud
1109 1241 1184 1307 fieri
1199 1238 1353 1324 potest?

137 1344 228 1411 Nam
246 1366 323 1410 cum
345 1345 422 1428 ipsa
437 1346 546 1410 virum
568 1346 665 1410 iuxta
679 1350 795 1410 votum
816 1365 930 1409 meum
950 1365 1137 1428 numquam
1154 1342 1344 1428 cognosco,

142 1449 316 1532 quomodo
335 1449 410 1514 sine
427 1448 537 1514 virilis
556 1449 698 1513 seminis
715 1449 931 1512 incremento
949 1466 1071 1529 parere
1088 1444 1253 1531 possum?
1283 1442 1346 1509 Ad

138 1552 205 1617 hoc
220 1551 382 1635 angelus:
405 1551 460 1617 Ne
479 1552 666 1632 existimes,
684 1551 809 1634 inquit,
826 1549 951 1629 Maria,
968 1548 1062 1631 quod
1077 1549 1227 1617 humano
1244 1569 1345 1615 more

140 1655 334 1738 concipias:
360 1675 437 1720 nam
455 1655 531 1719 sine
546 1654 639 1719 virili
660 1653 902 1720 commixtione
919 1652 1014 1735 virgo
1033 1653 1220 1736 concipies,
1242 1655 1349 1737 virgo

139 1759 266 1841 paries,
288 1759 383 1841 virgo
401 1758 550 1822 nutries:
573 1757 717 1840 spiritus
735 1756 827 1822 enim
844 1762 985 1821 sanctus
1003 1758 1226 1839 superveniet
1241 1758 1279 1820 in
1295 1764 1346 1837 te,

142 1865 177 1924 et
191 1859 301 1925 virtus
318 1860 482 1926 altissimi
503 1859 727 1926 obumbrabit
741 1859 807 1925 tibi
825 1865 947 1924 contra
963 1880 1081 1925 omnes
1103 1858 1247 1926 ardores
1265 1861 1349 1926 libi·

142 1959 251 2028 dinis:
275 1961 425 2046 ideoque
447 1962 540 2046 quod
557 1968 722 2028 nascetur
738 1983 779 2027 ex
795 1967 829 2027 te
845 1962 957 2028 solum
977 1962 1044 2027 erit
1060 1968 1234 2045 sanctum,
1260 1964 1349 2046 quia

141 2066 254 2132 solum
276 2066 351 2130 sine
372 2072 517 2149 peccato
536 2070 742 2148 conceptum
764 2072 799 2130 et
819 2071 939 2130 natum
959 2065 1140 2131 vocabitur
1161 2065 1256 2131 filius
1274 2065 1349 2131 dei.

139 2168 239 2233 Tunc
262 2167 378 2234 Maria
403 2168 563 2234 manibus
591 2169 753 2251 expansis
787 2173 823 2233 et
847 2168 958 2234 oculis
988 2168 1032 2233 ad
1058 2168 1191 2234 caelum
1216 2168 1350 2234 levatis

140 2271 242 2336 dixit:
265 2271 359 2335 Ecce
377 2271 659 2353 ancilladomini,
677 2292 791 2353 neque
809 2271 900 2336 enirn
912 2271 1073 2336 dominae
1084 2272 1223 2337 nomine
1236 2271 1350 2356 digna

140 2394 231 2456 sum,
258 2373 319 2439 fiat
339 2372 424 2438 mihi
446 2373 637 2439 secundum
657 2373 799 2438 verbum
822 2378 930 2438 tuum.
976 2374 988 2408 ⁸
1008 2372 1169 2456 Longum
1191 2374 1284 2441 forte
1310 2381 1350 2441 et

141 2476 350 2560 quibusdam
371 2477 566 2543 taediosum
589 2478 668 2558 erit,
691 2477 721 2542 si
739 2483 865 2542 cuncta
886 2476 968 2542 huic
991 2477 1160 2560 opusculo
1183 2479 1345 2544 inserere

138 2579 350 2645 voluerimus
373 2600 461 2663 quae
487 2581 705 2646 nativitatem
727 2580 934 2645 dominicam
956 2579 1010 2643 vel
1030 2581 1267 2662 praecessisse
1288 2580 1348 2646 vel

139 2683 329 2750 subsecuta
344 2682 454 2749 luisse
472 2683 634 2767 legimus:
656 2683 749 2748 unde
769 2683 823 2747 his
844 2683 981 2748 omissis
999 2685 1140 2766 quaein
1158 2682 1346 2767 evangelio

140 2785 281 2870 plenius
310 2785 441 2869 scripta
466 2793 563 2868 sunt,
589 2786 633 2852 ad
660 2807 701 2851 ea
724 2806 812 2869 quae
834 2787 949 2850 minus
970 2784 1145 2850 habentur
1165 2785 1349 2852 narranda

139 2889 356 2955 accedamus.

645 3041 765 3108 Oarur
788 3041 835 3107 X.

226 3197 235 3232 ¹
253 3194 384 3279 Ioseph
406 3195 514 3279 igitur
533 3194 702 3261 aludaea
724 3197 760 3260 in
781 3194 976 3262 Galilaeam
992 3197 1134 3262 veniens
1151 3195 1347 3280 desponsa·

139 3305 210 3365 tam
227 3297 294 3363 sibi
304 3298 473 3381 virginem
490 3318 632 3363 uxorem
644 3298 771 3363 ducere
789 3299 1010 3365 intendebat:
1028 3302 1096 3364 iam
1107 3320 1257 3382 namque
1268 3307 1343 3366 tres

138 3401 312 3466 fluxerant
326 3421 465 3466 menses
487 3407 523 3466 et
539 3408 684 3485 quartus
705 3401 861 3466 instabat
883 3422 924 3466 ex
947 3423 988 3468 eo
1011 3410 1167 3486 tempore
1186 3403 1345 3486 quesibi

139 3504 352 3587 desponsata
376 3503 501 3569 luerat.
541 3503 684 3569 Interea
707 3504 877 3588 paulatim
903 3511 1002 3571 utero
1029 3526 1222 3589 puerperae
1250 3506 1345 3570 intu-

139 3613 314 3673 mescente
337 3628 545 3691 puerperam
562 3628 598 3672 se
616 3607 840 3672 manifestare
859 3609 991 3691 coepit,
1015 3629 1128 3692 neque
1145 3607 1212 3673 hoc
1229 3608 1343 3674 latere

206 3821 230 3868 3.
249 3820 310 3882 qaia
322 3819 379 3883 qai.-
395 3817 455 3868 Par.
469 3833 510 3867 om
525 3819 585 3883 quio
605 3815 608 3883 Ι
629 3817 688 3868 Par.
701 3819 727 3868 in
740 3823 812 3868 terra
832 3815 836 3882 Ι
854 3823 987 3868 narretur:
1003 3820 1042 3868 eie
1056 3834 1087 3869 ex
1099 3818 1159 3869 Par.
1172 3819 1258 3869 hausi.
1274 3819 1348 3869 Edd.

137 3906 253 3954 surdior
267 3902 271 3969 Ι
284 3904 387 3954 David:
403 3903 463 3954 Par.
476 3919 536 3962 om„
549 3903 614 3954 item
627 3904 653 3952 ia
665 3904 737 3953 domo
749 3904 827 3953 Iacob
841 3920 892 3953 om.

206 3992 231 4038 4.
250 3991 332 4039 istud.-
349 3989 407 4040 Par.
420 4004 485 4048 om,
503 3989 569 4040 item
581 4004 632 4039 orn.
644 4005 732 4049 mm,
745 3994 801 4039 tum
815 3989 898 4040 babet
910 4005 1056 4053 eopnoecom
1074 3987 1078 4052 Ι
1096 3989 1157 4039 Per.
1170 3989 1209 4038 Ne
1222 3991 1326 4040 estimes
1339 3988 1346 4058 Ι

137 4075 210 4138 oiryo
223 4082 287 4124 ante
300 4075 439 4139 concipies:
457 4074 516 4124 Par.
530 4089 580 4123 om.

207 4159 231 4208 5.
250 4159 281 4208 ln
299 4165 427 4222 promptu
444 4161 487 4207 est
504 4157 555 4207 hoc
573 4157 787 4207 additamentum
804 4158 870 4224 fingi
888 4173 945 4209 esso
959 4158 1124 4224 Hieronymi.
1144 4158 1147 4225 Ι
1167 4161 1201 4210 al
1219 4178 1249 4210 ec
1264 4178 1352 4225 quae.-

138 4245 197 4294 Pnr.
210 4243 270 4294 edd.
282 4244 318 4292 ibi

207 4329 239 4388 X,
259 4331 282 4378 1.
307 4327 349 4378 cf.
363 4328 406 4377 Pr.
419 4328 519 4377 Mattb.
532 4327 562 4377 X.

208 4418 231 4464 1.
249 4413 309 4464 Per.
323 4415 409 4478 [pitter
421 4414 512 4478 Ioseph
526 4410 531 4479 Ι
545 4414 604 4464 Par.
617 4414 668 4464 iam
680 4429 786 4479 namqu
798 4415 890 4466 tertius
901 4415 992 4466 macir
1003 4418 1138 4481 φαεινοὶ
