2962 4912
137 279 199 343 422
488 277 617 328 nunno.
638 277 813 328 umorum
841 276 927 325 rans
946 275 982 327 11.

224 430 346 497 ⁹Tuno
368 430 486 495 Annus
509 435 543 494 ot
565 428 710 511 Caiphas
736 429 922 515 aperientes
944 433 1070 494 tomum
1098 426 1236 493 chartae
1263 448 1330 493 coe·

137 539 258 617 parunt
289 535 409 618 singuli
441 538 567 599 secreto
597 534 716 616 legere.
769 531 837 598 Sed
872 533 978 598 omnis
1013 533 1156 616 populus
1191 530 1331 617 gravitm

139 638 320 720 accipiens,
357 638 405 703 ita
440 637 482 703 ab
519 637 670 703 omnibus
706 637 949 719 proclamatum
985 644 1053 703 est:
1096 636 1214 703 Palam
1253 636 1331 702 haec

139 741 262 824 scripta
287 741 384 805 nobis
411 741 587 825 perlegas
614 746 648 806 et
674 746 850 825 postquam
873 741 1021 823 perlecta
1043 739 1183 822 fuerint,
1210 761 1272 804 nos
1298 761 1332 807 ea

140 843 419 926 conservabimus,
446 866 487 908 no
515 842 602 910 forte
625 844 746 909 veritas
769 844 821 908 dei
844 844 925 910 hooc
948 845 989 909 ab
1012 842 1193 910 immundis
1222 849 1257 907 et
1278 842 1331 909 ra·

138 947 266 1012 lacibus
287 953 435 1012 vertatur
463 947 697 1014 obcaecatione
729 949 763 1012 in
795 948 983 1014 falsitatem.
1027 947 1161 1014 Dehinc
1193 955 1331 1013 tremore

139 1050 282 1114 eonfeeti
306 1049 423 1115 Annas
451 1056 485 1115 et
512 1049 655 1133 Caiphas
686 1051 894 1117 tradiderunt
924 1059 1050 1117 tornum
1079 1051 1214 1118 chartae
1244 1050 1331 1116 rabbi

139 1152 258 1220 Addao
287 1162 321 1220 et
347 1155 440 1220 rabbi
464 1156 585 1220 Finees
609 1164 641 1221 et
664 1157 757 1222 rabbi
781 1157 900 1242 Egiae‚
931 1158 989 1242 qui
1016 1165 1176 1224 venerant
1203 1180 1224 1224 a
1247 1157 1330 1225 Gali-

139 1258 211 1322 laea
233 1263 266 1323 et
288 1259 566 1323 annuntiaverant
587 1258 698 1324 Iesum
722 1267 925 1344 assumptum
949 1261 984 1325 in
1007 1263 1148 1328 caelum:
1177 1259 1247 1326 illis
1269 1281 1331 1326 ore·

139 1361 224 1426 didit
246 1361 353 1426 omnis
376 1362 552 1428 multitudo
569 1362 771 1428 Iudaeorum
794 1370 832 1428 ut
853 1364 937 1429 hano
961 1365 1159 1450 scripturam
1180 1364 1330 1448 legerent.

139 1467 186 1533 Et
207 1467 359 1552 legerunt
381 1466 528 1533 chartam
552 1467 775 1534 continentem
798 1467 888 1534 haec.

490 1859 493 1863 .
545 1804 662 1871 Carnu
685 1804 732 1869 II.
765 1802 925 1888 (XVIH.)

227 1997 238 2035 ¹
268 1994 340 2078 Ego
383 1993 541 2060 Karinus.
599 1993 743 2058 Domine
780 1993 857 2058 Iesu
896 1992 1046 2075 Christe,
1087 1993 1134 2057 fili
1173 1992 1227 2058 dei
1265 1993 1333 2077 viri,

140 2097 293 2179 permitte
324 2121 375 2163 me
406 2098 498 2182 loqui
531 2096 695 2162 mirabilia
726 2102 783 2162 tua
805 2118 889 2180 quae
920 2097 1007 2179 apud
1038 2097 1164 2162 inferos
1196 2097 1332 2180 gessisti.

141 2201 223 2268 Cum
261 2202 363 2285 igitur
398 2223 543 2267 essemus
579 2202 613 2266 in
651 2202 798 2267 tenebris
833 2208 867 2266 et
904 2201 1022 2265 umbra
1057 2201 1176 2265 mortis
1214 2200 1330 2267 detenti

140 2306 226 2389 apud
250 2307 389 2389 inferos,
420 2306 530 2371 subito
563 2306 672 2370 illuxit
702 2306 799 2371 nobis
831 2306 886 2370 lux
917 2328 1049 2389 magna,
1080 2311 1114 2371 et
1136 2307 1331 2371 contremuit

140 2410 288 2474 infernus
326 2417 359 2474 ot
395 2416 512 2493 portae
547 2411 673 2475 mortis.
712 2409 770 2474 ,Et
806 2409 918 2473 audita
954 2414 1005 2473 est
1035 2431 1099 2473 vox
1136 2409 1198 2474 filii
1235 2408 1331 2493 patris

139 2513 291 2578 altissimi
328 2518 484 2597 tanquam
522 2536 585 2579 vox
626 2512 765 2579 tonitrui
807 2512 934 2595 magni,
973 2512 1173 2596 fortiterque
1212 2512 1331 2596 procla

140 2638 232 2681 mans
270 2616 318 2680 sio
348 2616 478 2681 intulit:
516 2617 637 2682 Portas
671 2615 837 2700 principos
869 2621 993 2681 vostras
1024 2616 1190 2698 retollite,
1226 2623 1330 2700 portas

225 2902 250 2946 9.
290 2898 358 2947 ibae
380 2924 390 2933 -
412 2902 471 2948 tom.
496 2899 579 2946 chart.
604 2897 632 2960 (n
655 2895 770 2959 obortas)
797 2914 866 2961 coep.
890 2897 985 2960 singuli
1012 2897 1041 2959 (Β
1064 2895 1118 2959 orn)
1141 2922 1151 2932 ·
1175 2897 1257 2946 omnir
1278 2914 1329 2962 pop.

138 3002 179 3050 qr.
199 2987 327 3048 arripiens
349 2986 377 3047 (A
400 3002 483 3035 omres
507 2984 598 3048 populi
621 3001 663 3049 qr.
690 2984 855 3049 arripientes)
883 3011 892 3020 ·
916 2985 1044 3047 proelum.
1075 2984 1104 3047 (n
1128 2985 1225 3048 corel.)
1249 3011 1258 3022 ·
1279 2987 1329 3036 brer

140 3075 241 3136 scripta
259 3072 287 3135 (n
305 3074 370 3120 buno
387 3071 552 3136 scripturam)
570 3098 580 3107 ·
595 3074 701 3136 suerint
720 3071 749 3132 (Β
768 3071 840 3132 rit),
866 3088 912 3119 nos
929 3088 960 3119 ea
979 3073 1007 3134 (Β
1025 3071 1079 3133 eor)
1099 3098 1107 3107 ·
1127 3076 1221 3122 vertat
1240 3073 1327 3122 obruor.

142 3159 171 3219 (Β
193 3158 341 3207 obrueretur
363 3155 416 3220 [ita
439 3156 559 3221 videtur]
582 3162 607 3214 et
630 3159 756 3220 uertatur)
780 3184 789 3193 ·
812 3159 911 3206 Dehine
936 3159 963 3218 (Β
982 3159 1022 3206 De
1040 3158 1098 3219 lwr)
1123 3184 1131 3193 ·
1155 3164 1215 3208 tom.
1236 3161 1289 3208 cbo.
1307 3161 1329 3223 (a

142 3244 255 3305 obortas)
276 3274 285 3283 ·
305 3246 396 3293 Adduo
414 3244 564 3304 (nuiddar)
583 3270 592 3280 -
611 3249 636 3293 ot
658 3245 729 3294 rabb.
749 3245 833 3308 Euboe
852 3275 860 3284 -
879 3248 1033 3308 assumptum
1051 3247 1077 3292 in
1095 3245 1192 3294 eoelum
1210 3245 1238 3306 (n
1257 3252 1330 3296 omri

143 3329 215 3377 rabbi
233 3330 317 3392 Eyiae
340 3345 422 3393 usquo
447 3329 472 3377 in
491 3328 595 3390 coelom)
615 3345 673 3377 enin
692 3342 726 3380 ΑΒ
751 3365 757 3377 .
778 3364 785 3377 .
810 3327 989 3392 c(prioribus
1008 3329 1132 3378 omnibus
1151 3329 1269 3390 omissis)
1287 3333 1329 3380 Aa

143 3430 190 3463 aar
214 3432 271 3463 uero
294 3419 319 3463 et
339 3416 449 3476 caiphas
472 3415 635 3462 tradiderunt
658 3415 819 3477 scriptionem
844 3414 931 3462 Carini
953 3414 1027 3462 rabbi
1048 3416 1128 3462 ,idam
1153 3421 1178 3464 et
1201 3416 1274 3464 rabbi
1296 3418 1330 3465 rt

143 3516 214 3556 noer,
233 3499 288 3547 illio
307 3502 350 3561 qui
367 3502 488 3547 verterant
505 3499 536 3546 de
558 3499 618 3547 (rac.
639 3503 664 3546 el
682 3515 789 3546 annone.
809 3494 903 3547 vidisse
921 3496 976 3563 [so]
996 3502 1078 3547 lerum
1097 3505 1251 3562 assumptum
1266 3501 1271 3562 Ι
1286 3502 1332 3550 iub

144 3587 211 3634 ured.
234 3617 241 3624 -
261 3586 318 3633 Iud.
340 3585 367 3647 (Β
386 3601 427 3634 om
448 3585 516 3647 Iud.)
536 3622 562 3635 ..
581 3600 596 3636 c
615 3600 656 3633 om
673 3585 676 3645 Ι
692 3592 719 3635 ut
737 3586 801 3632 bom·
820 3616 828 3625 -
846 3587 908 3633 bueo
926 3601 984 3634 cum
1003 3599 1020 3636 Β
1039 3621 1064 3636 ..
1083 3602 1099 3638 Δ
1118 3591 1146 3634 ut
1164 3589 1268 3636 bam.
1282 3605 1331 3650 per

144 3673 262 3736 legerent.
302 3671 369 3720 Turro
392 3673 517 3721 inventum
539 3676 577 3721 ert
600 3673 690 3721 ibidem
714 3674 836 3734 arabium
861 3708 868 3722 .
889 3707 895 3721 .
921 3688 936 3723 c
959 3677 987 3722 ut
1011 3674 1122 3737 afferent
1141 3690 1228 3723 coram
1246 3674 1332 3737 popolo

143 3761 265 3823 scrobium
284 3761 350 3823 quod
367 3777 442 3808 rocam
460 3777 507 3809 rua
526 3760 635 3810 Carinus
647 3761 853 3825 perscripserat.-
871 3763 937 3825 qood
951 3778 1001 3824 per
1018 3763 1102 3810 oraria
1120 3762 1159 3809 rio
1176 3762 1322 3812 rontinbot.

230 3863 309 3921 11,1.
346 3862 530 3922 cf.A11,1.
562 3865 593 3923 V,
612 3867 637 3914 1.
668 3866 726 3928 Eoo
745 3867 860 3914 Korirur
882 3879 974 3916 cumn
999 3899 1033 3914 ..
1058 3878 1149 3921 nom,
1176 3865 1225 3915 ned
1249 3870 1334 3930 postes

145 3952 228 4001 babet
246 3952 368 4015 permitte
385 3952 446 4000 mibi
465 3952 558 4000 Carino
578 3987 607 4001 ..
629 3967 644 4002 c
663 3969 713 4008 oin,
736 3951 782 3999 sed
804 3951 862 4000 ride
881 3951 914 4000 ad
935 3951 1012 4001 tinem
1032 3966 1089 4014 cap.
1110 3950 1132 3999 1.
1150 3949 1154 4012 Ι
1167 3951 1215 4017 fil.
1234 3952 1336 4001 deiviri

145 4050 202 4084 cnm
223 4049 255 4086 Bc
277 4071 306 4085 ..
326 4050 342 4087 n
362 4052 403 4084 om
428 4034 432 4098 Ι
453 4037 557 4100 yessisii
576 4072 605 4085 ..
626 4050 641 4086 (τ
657 4037 736 4098 qrssit
750 4037 869 4098 potentia
886 4041 932 4083 tuo
956 4037 959 4094 Ι
984 4050 999 4086 c
1018 4036 1063 4083 lux
1079 4052 1173 4099 maqaa
1191 4037 1334 4089 mirabilia?

145 4122 253 4171 tonora&
278 4137 335 4168 cnm
360 4133 393 4169 nc
414 4156 442 4169 ..
464 4135 479 4171 Α
503 4122 600 4168 tonitr-a
623 4122 731 4180 (omisso
751 4122 857 4184 maynr).
895 4120 962 4170 [tom
987 4122 1058 4170 intra
1081 4136 1173 4170 omnes
1200 4128 1255 4170 tros
1278 4122 1335 4171 ion'r

146 4207 208 4255 troi.
233 4202 238 4260 Ι
263 4207 332 4268 sort.
358 4205 440 4266 procl.
458 4206 496 4254 sir
520 4206 607 4253 intulit
635 4206 662 4268 (Α
686 4205 736 4267 air)
764 4221 822 4255 cum
841 4219 875 4257 ΒΑ
896 4240 925 4255 ..
946 4220 961 4256 c
984 4207 1021 4254 rio
1039 4208 1108 4269 sort.
1131 4202 1335 4269 proclamantis)

146 4295 242 4343 Portas
259 4292 288 4355 (a
310 4293 403 4342 Tollite
418 4293 511 4370 ρονί.)Ι
527 4309 566 4341 or.
587 4310 622 4342 ne.
641 4293 754 4342 retollite
776 4295 804 4357 (Β
824 4293 935 4354 atterit),
956 4297 1050 4357 portos
1068 4293 1132 4357 (ch
1150 4295 1216 4355 tue)
1235 4298 1285 4343 aet.
1302 4310 1336 4343 rr·

143 4379 217 4431 urolt
238 4377 264 4441 (c
282 4378 335 4428 add
353 4377 426 4445 quia)
