2962 4912
137 350 251 396 11me
603 327 877 383 Pssoancorlsna.

138 486 225 551 ratio
249 505 290 549 ea
312 489 362 550 est
383 489 435 567 ut,
464 502 618 567 maecum
645 488 736 548 certe
764 487 890 548 textum
914 482 1132 564 examinanti,
1160 502 1227 548 non
1250 480 1343 545 varie

139 597 378 680 interpolatum
405 596 559 677 latinum,
586 593 679 660 nulla
706 595 831 661 homini
859 595 901 660 ab
925 599 1035 661 aetate
1059 594 1243 677 apostolica
1265 611 1344 674 pro·

138 711 227 775 ximo
255 709 365 773 aliena
391 706 612 771 inveniantur.
658 705 755 792 Quod
779 707 909 790 singula
931 728 1005 773 cum
1027 708 1240 790 antiquorum
1263 704 1343 768 scri-

138 826 272 904 ptorum
294 817 376 884 locis
400 816 563 883 similibus
587 837 786 900 componens
808 819 938 902 egregie
959 817 1114 901 probavit
1128 817 1227 882 Thilo
1250 815 1341 880 notis

86 1018 89 1025 Ι
139 932 246 997 textui
270 929 463 1012 subiunctis,
484 928 656 1011 inquibus
678 928 776 994 modo
799 929 841 994 ad
861 931 1001 1012 antiqua
1014 928 1247 995 Hebraeorum
1266 947 1344 1010 apo·

140 1043 265 1126 crypha
293 1040 437 1123 delegat,
468 1045 506 1104 ut
533 1041 576 1106 ad
603 1042 745 1105 Parvum
778 1041 922 1122 Generis,
955 1041 996 1106 ad
1031 1043 1160 1105 Tectum.
1185 1041 1263 1105 XII
1281 1063 1343 1125 pa·

139 1155 360 1233 triarcharum,
390 1151 432 1216 ad
455 1152 554 1216 Moris
580 1157 796 1226 uicensimum,-
826 1153 923 1219 modo
952 1152 994 1217 ad
1021 1152 1235 1217 rabbinorum
1263 1151 1343 1216 Iesu

138 1264 208 1330 lere
237 1262 426 1346 aequalium
455 1270 655 1344 commenta;
683 1264 781 1330 modo
805 1263 847 1329 ad
868 1264 975 1329 LXX
1000 1265 1213 1346 interpretem
1241 1262 1343 1328 modo

139 1375 182 1441 ad
203 1375 432 1440 vetustissima
446 1374 712 1441 Christianarum
735 1375 923 1440 litterarum
944 1380 1167 1457 monumenta,
1189 1373 1241 1439 vel
1263 1374 1343 1438 hae-

138 1488 253 1570 retica,
276 1491 313 1550 ut
334 1482 544 1568 Ophitarum,
565 1485 749 1551 Marcionis
772 1491 806 1551 et
827 1486 1114 1569 Marcionitarum,
1136 1485 1345 1551 Valentinia-

138 1618 271 1678 norum,
298 1596 350 1661 rel
374 1595 553 1677 catholica,
583 1601 621 1660 ut
643 1603 694 1661 est
715 1595 838 1662 Pastor
860 1597 1022 1680 Hermae,
1051 1596 1232 1663 Clementis
1255 1616 1342 1679 quae

140 1709 293 1773 feruntur
315 1707 486 1790 homiliae,
508 1708 685 1775 Saniorum
707 1707 893 1792 fragmenta
916 1707 1004 1791 apud
1025 1707 1216 1787 Irenaeum,
1239 1706 1344 1771 Iusti-

139 1839 202 1883 nus
223 1818 364 1902 Martyr,
387 1817 592 1900 Theophilus
614 1818 855 1900 Antiochsnus,
878 1818 1046 1886 Irenaeus.
1091 1819 1143 1883 Ex
1164 1819 1239 1901 ipso
1262 1838 1342 1883 vero

139 1929 252 1995 libello
284 1934 413 2011 nostro,
445 1930 502 2012 qui
532 1934 604 1994 tum
631 1930 776 1995 nondum
802 1952 875 1996 cum
904 1931 988 1995 actis
1010 1929 1112 1995 Pilati
1141 1930 1340 1994 coniunctus

140 2060 212 2106 esse
228 2040 368 2122 videtur,
388 2061 469 2123 prae
492 2041 567 2106 aliis
589 2042 702 2106 multis
724 2041 845 2123 hausit,
868 2041 958 2106 nulla
972 2041 1105 2124 quidem
1128 2040 1229 2106 alieni
1251 2061 1342 2106 men·

139 2152 230 2217 tione
252 2152 350 2235 facta,
372 2152 576 2218 Eusebius
597 2152 946 2234 Alexandrinus1).
988 2152 1171 2218 Praeterea
1191 2153 1227 2217 in
1243 2154 1343 2218 aesti-

139 2263 261 2328 manda
282 2262 360 2328 libri
382 2264 584 2346 antiquitate
606 2263 688 2328 illud
706 2263 831 2348 aliquid
847 2265 1004 2330 momenti
1019 2263 1121 2329 habet
1136 2264 1225 2346 quod
1240 2264 1344 2329 verba

139 2374 280 2440 latronis
302 2373 343 2439 de
367 2395 463 2440 cruce
481 2374 656 2457 pendentis
673 2375 726 2455 (cf.
742 2397 816 2459 pag.
832 2380 917 2456 310.)
941 2377 988 2440 ita
1003 2374 1178 2440 discedunt
1193 2397 1213 2440 a
1228 2375 1341 2440 Lucae

138 2491 232 2551 textu
254 2491 292 2550 ut
314 2506 355 2551 ex
377 2486 444 2551 alia
465 2487 643 2551 veterrima
665 2488 845 2553 traditione
866 2487 998 2551 fluxisse
1021 2486 1205 2552 videantur.
1242 2486 1342 2571 Quod

139 2598 252 2662 nescio
276 2618 318 2662 an
342 2597 441 2662 etiam
464 2598 499 2661 in
522 2618 715 2680 responsum
737 2598 862 2664 Christi
885 2597 1027 2682 quadret
1050 2598 1084 2677 (l.
1106 2598 1151 2681 l),
1174 2603 1208 2662 et
1230 2598 1265 2662 in
1289 2598 1344 2662 Io·

139 2709 259 2774 hannis
294 2708 461 2791 baptistae
493 2709 595 2774 verba
625 2710 712 2792 apud
743 2708 884 2790 inferos,
919 2709 960 2775 de
993 2709 1111 2792 quibus
1142 2710 1209 2774 ism
1241 2729 1343 2792 supra

140 2818 345 2884 dictumest.

227 2929 321 3013 Quae
346 2931 457 2995 omnia
479 2933 656 2996 coniuncta
677 2931 838 2997 eiusmodi
862 2936 939 2995 sunt
959 2937 998 2996 ut
1018 2930 1166 2997 libellum
1189 2937 1342 2997 nostrum

141 3061 181 3105 ex
204 3042 436 3123 antiquissimo
460 3043 582 3125 scripto
607 3043 796 3125 apocrypho
820 3041 954 3107 secundi
977 3044 1102 3108 saeculi
1120 3043 1275 3108 haustum
1290 3042 1342 3109 rel

140 3153 395 3235 transscriptum
411 3155 603 3219 existimem.
641 3153 740 3238 Quod
760 3176 826 3236 quo
849 3155 982 3219 nomine
1005 3155 1092 3237 apud
1114 3155 1272 3237 antiquos
1294 3156 1344 3219 in·

140 3263 286 3327 notuerit
318 3263 453 3330 difficile
486 3264 574 3328 dictu
606 3271 664 3330 est.
721 3266 799 3331 Non
834 3266 948 3347 inepta
979 3265 1112 3347 quidem
1149 3267 1344 3330 coniectura

143 3393 257 3438 eorum
286 3381 337 3439 est
365 3376 422 3457 qui
450 3396 489 3440 ex
517 3374 667 3460 κήρυγμα
689 3378 821 3461 Πέτρου
850 3378 991 3458 petitum
1019 3376 1214 3442 censebant:
1246 3376 1343 3442 Petri

141 3486 227 3549 enim
251 3488 442 3566 auctoritas,
467 3487 589 3569 quippe
612 3488 751 3553 eundem
772 3487 977 3553 Descensum
993 3488 1118 3553 Christi
1141 3489 1175 3551 in
1199 3486 1345 3571 epistola

140 3598 264 3679 testati,
285 3599 427 3662 maxime
446 3597 567 3664 idonea
582 3598 685 3663 videri
700 3604 835 3681 poterat
850 3620 935 3681 quae
958 3599 1017 3663 tali
1040 3604 1227 3664 commento
1243 3597 1342 3664 fidem

227 3810 249 3874 l)
269 3812 309 3864 Cf.
328 3812 422 3864 Thilo:
453 3816 534 3867 Ueber
550 3818 593 3866 die
612 3818 742 3884 Sebastos
759 3820 806 3868 dee
822 3819 949 3869 Eusebiae
964 3836 1013 3869 cos
1030 3819 1207 3869 Alexandrum
1227 3821 1281 3869 read
1298 3820 1344 3869 dee

142 3899 269 3949 Eusebiae
289 3916 337 3950 oon
354 3901 456 3952 Emiea.
485 3905 559 3953 1882.
601 3903 691 3970 Longe
712 3904 843 3954 diversam
862 3922 877 3955 a
895 3906 973 3955 nobie
996 3907 1160 3956 sententiam
1183 3909 1277 3956 tuetur
1296 3909 1343 3971 qui

142 3985 292 4048 nuperrime
315 3985 425 4036 Parisiis
449 3987 482 4038 de
508 3990 648 4054 evangelio
671 3989 812 4039 Nicodemi
836 3991 953 4054 scripsit,
978 3990 1094 4039 Alfred
1119 3990 1244 4056 Meury:
1273 3991 1342 4041 Noa·

140 4067 219 4116 cellae
241 4071 387 4120 rechercher
404 4089 449 4121 ear
467 4073 578 4138 l’bpcqee
596 4075 612 4123 ὰ
631 4073 658 4122 lo
677 4074 759 4138 quelle
777 4091 795 4123 a
811 4075 851 4125 ate
866 4074 981 4138 occepere
996 4075 1125 4139 l'orscrape
1143 4092 1224 4125 ccam
1241 4092 1302 4126 ecee
1319 4077 1343 4127 le

141 4154 203 4205 ture
220 4156 362 4222 d’eoaepile
377 4159 522 4210 Nicodime.
544 4163 619 4211 1850.
656 4161 740 4211 Putet
758 4162 829 4211 enim
849 4178 880 4212 ex
899 4163 1013 4212 Eusebio
1025 4162 1207 4212 Alexandrino
1226 4164 1342 4232 allisque

141 4240 259 4291 eiusdem
277 4243 334 4291 fere
352 4245 451 4293 eatetie
470 4245 646 4308 scriptoribus
664 4249 752 4295 totum
772 4246 868 4295 librum
887 4246 921 4297 ds
939 4247 1077 4297 Dercensu
1094 4245 1196 4297 Christi
1215 4247 1342 4299 haustum

142 4338 209 4373 esec.
247 4325 324 4383 Quod
343 4343 421 4392 qnam
439 4345 455 4378 a
473 4343 535 4378 vcro
554 4330 671 4380 alienum
693 4331 742 4389 eit,
768 4332 943 4382 clarissimum
962 4332 1047 4381 virum
1066 4333 1152 4396 iprum
1172 4348 1204 4382 ex
1223 4335 1341 4398 repetito

141 4413 179 4462 rei
198 4415 319 4464 examine
338 4415 477 4465 docturum
496 4430 551 4466 non
570 4416 674 4468 dubito.
