2962 4912
321 303 977 356 1111611111111111111111110111.
1004 306 1073 357 xxl.
1240 308 1297 369 191

120 454 372 541 Responderunt
390 454 473 521 illae
490 454 613 521 flentes
631 461 667 521 et
686 455 864 520 dixerunt:
888 455 1008 521 Mulus
1025 456 1093 538 hic,
1110 479 1213 540 quem
1231 479 1303 523 cer-

118 566 176 643 nis,
195 562 313 624 noster
333 564 409 624 erat
428 558 551 641 frater,
575 560 696 626 eadem
718 560 783 626 hae
804 566 913 625 matre
931 566 1051 626 nostra
1066 567 1180 626 natus.
1213 558 1300 626 (lum

113 668 194 736 enim
207 661 571 746 fatolunctusparens
582 665 854 748 nosterlnagnas
872 664 973 729 nobis
990 684 1074 747 opes
1086 664 1299 748 reliquisset,

106 779 205 855 atque
229 765 322 831 hune
347 768 490 831 unicum
514 767 657 832 fratrem
682 767 906 848 haberemus,
936 767 972 831 id
998 768 1131 851 egimus
1157 774 1197 832 ut
1222 788 1299 832 eum

99 869 317 942 matrimonio
340 871 564 953 iungeremus
587 877 623 935 11
638 871 779 953 nuptias
803 871 835 935 ei
857 890 951 935 more
968 869 1146 935 hominum
1162 891 1301 953 parare-

94 996 185 1044 mus.
221 970 292 1038 Sed
311 973 477 1039 mulieres
494 981 615 1039 mutua
636 974 812 1058 zelotypia
826 975 982 1057 percitae
1004 974 1104 1039 illum
1126 973 1227 1038 nobis
1248 974 1300 1037 in·

91 1078 182 1148 sciis
205 1074 440 1157 fasoinarunt,
467 1083 503 1141 et
527 1099 590 1142 nos
616 1077 766 1160 quadam
792 1084 893 1143 nocte
918 1076 1038 1160 paullo
1067 1082 1147 1142 ante
1174 1078 1299 1158 lucem,

87 1177 233 1248 foribus
263 1178 404 1244 aedium
429 1185 625 1245 nostrarum
652 1179 817 1261 occlusis,
849 1181 992 1245 fratrem
1023 1180 1115 1245 hunc
1140 1186 1299 1246 nostrum

83 1281 229 1351 mulum
249 1280 381 1346 factum
404 1303 480 1347 esse
504 1282 668 1363 vidimus,
692 1282 830 1366 qualem
852 1303 930 1347 eum
952 1284 1076 1347 cernis.
1121 1281 1196 1348 Nos
1216 1303 1297 1347 vero

80 1387 232 1464 tristes,
254 1385 359 1449 sicuti
375 1385 488 1467 rides,
512 1407 583 1451 non
603 1384 773 1450 habentes
796 1392 930 1469 patrem
953 1406 1023 1468 quo
1047 1407 1111 1452 nos
1135 1384 1298 1466 solemur,

76 1485 230 1557 nullum
253 1487 289 1550 in
312 1488 440 1553 mundo
459 1487 598 1553 doctum
621 1493 683 1552 aut
697 1508 835 1570 magum
857 1494 918 1553 aut
937 1488 1192 1553 incantatorem
1216 1488 1299 1552 omi·

75 1596 203 1661 simus
221 1590 306 1672 quin
323 1591 423 1655 illum
439 1611 713 1669 accerseremus3
734 1590 794 1655 sed
812 1590 900 1655 nihil
918 1591 1019 1656 nobis
1035 1591 1178 1674 profuit.
1206 1590 1299 1674 Quo·

71 1699 159 1764 ties
177 1700 294 1758 autern
310 1701 455 1776 pectora
471 1701 592 1758 nostra
607 1713 763 1757 moerore
782 1695 1042 1776 opprimuntur,
1066 1694 1240 1776 surgimus
1262 1699 1300 1758 et

72 1817 173 1867 cum
195 1801 306 1860 matre
331 1796 396 1861 hac
421 1803 542 1862 nostra
566 1796 716 1876 abimus,
747 1816 787 1861 ac
811 1802 997 1880 postquam
1028 1796 1072 1862 ad
1097 1797 1298 1880 sepulcrum

70 1900 205 1990 patris
222 1901 335 1965 nostri
352 1901 508 1965 flerimus
525 1899 691 1967 redimus.

569 2121 690 2188 01111
713 2123 820 2188 XXI.

179 2275 278 2340 Haec
295 2297 373 2340 cum
392 2275 585 2343 audivisset
605 2278 725 2362 puella
745 2279 828 2360 ista,
851 2278 962 2342 Bonis
986 2284 1059 2343 este
1081 2277 1222 2358 animis,
1246 2277 1297 2340 in·

72 2380 184 2469 quit,
207 2385 242 2443 et
265 2378 374 2444 nolite
395 2378 493 2461 flere3
517 2383 648 2446 etenim
670 2382 845 2448 medicina
866 2381 948 2446 mali
969 2381 1076 2445 vestri
1097 2380 1298 2463 propinqua

77 2492 164 2564 est,
188 2483 254 2548 imo
276 2483 454 2549 vobiscum
480 2490 594 2550 estet
620 2487 656 2550 in
681 2487 796 2551 medio
822 2486 961 2551 aedium
982 2491 1189 2548 vestrarum:
1217 2504 1295 2546 nam

79 2607 161 2675 ego
175 2606 311 2669 quoque
328 2585 468 2670 leprosa
484 2587 546 2670 fui,
565 2587 626 2653 sed
643 2595 682 2653 ut
697 2587 875 2653 illamvidi
891 2587 1072 2651 mulierem
1090 2607 1167 2650 cum
1184 2605 1295 2668 eaque

82 2689 271 2780 parvulum
296 2687 389 2754 hunc
414 2689 584 2755 infantem
610 2692 709 2756 cuius
736 2712 861 2756 nomen
888 2697 942 2756 est
965 2690 1082 2771 Iesus,
1108 2709 1201 2772 aqua
1226 2708 1298 2771 qua

85 2795 191 2862 illum
215 2790 376 2857 abluerat
397 2799 508 2857 mater
531 2814 656 2877 corpus
678 2815 792 2859 meum
816 2792 973 2877 perfudi,
1000 2798 1036 2858 et
1061 2796 1184 2857 sanata
1208 2811 1295 2854 sum.

86 2895 181 2964 Novi
201 2899 318 2959 autem
341 2895 439 2959 illum
455 2901 570 2961 vestro
592 2917 731 2981 quoquc
754 2896 845 2961 malo
862 2917 965 2979 posse
987 2894 1129 2959 mederi.
1163 2892 1295 2961 Verum

87 2998 240 3080 surgite,
272 2996 447 3062 dominam
472 3019 581 3063 meam
607 2999 756 3064 Mariam
783 2998 877 3063 adite
904 3004 1009 3082 atque
1037 2997 1069 3062 ei
1093 2997 1130 3061 in
1156 2994 1295 3060 domum

85 3105 240 3165 vestram
252 3100 424 3165 deductae
442 3109 615 3167 secretum
625 3110 777 3167 vestrum
789 3101 954 3185 detegite,
972 3099 1181 3183 suppliciter
1196 3098 1295 3163 illam

82 3209 254 3285 rogantes
277 3209 317 3268 ut
337 3210 489 3268 vestrum
509 3205 727 3270 misereatur.
763 3205 956 3288 Postquam
979 3202 1144 3268 mulieres
1167 3222 1296 3267 sermo-

82 3326 171 3371 nem
200 3306 339 3390 puellae
373 3308 596 3390 audiverunt,
628 3330 776 3393 propere
802 3309 978 3373 dominam
1003 3305 1121 3371 heram
1144 3303 1294 3369 Mariam

80 3405 254 3474 adierunt
279 3416 314 3474 11
338 3409 381 3474 ad
404 3431 480 3475 sese
504 3411 789 3492 introduxerunt,
813 3417 848 3476 et
865 3431 980 3475 coram
1001 3430 1042 3474 ea
1059 3406 1297 3472 consederunt

81 3508 214 3578 flentes
239 3520 275 3577 et
297 3512 469 3578 dicentes:
503 3511 532 3579 Ο
556 3514 697 3579 domina
717 3519 852 3593 nostra,
874 3513 959 3577 hera
974 3511 1104 3592 Maria,
1125 3510 1292 3573 miserere

83 3614 297 3680 ancillarum
313 3623 467 3696 tuarum,
491 3638 605 3700 neque
623 3618 715 3682 enim
732 3617 850 3682 senior
867 3615 968 3681 nobis
986 3620 1147 3697 superest
1168 3619 1229 3678 aut
1245 3613 1295 3677 fa·

84 3716 207 3782 miliae
231 3718 410 3801 princeps,
437 3740 550 3803 neque
575 3725 677 3803 pater
704 3725 765 3784 aut
789 3720 899 3784 frater
921 3718 981 3802 qui
1008 3716 1191 3782 nobiscum
1214 3736 1293 3781 con·

87 3826 244 3901 suescat;
268 3821 330 3887 sed
347 3822 461 3887 mulus
478 3821 545 3905 hic,
570 3845 672 3907 quem
688 3823 796 3904 vides,
818 3822 928 3887 frater
944 3827 1064 3886 noster
1080 3826 1165 3901 erat,
1189 3839 1292 3903 quem

88 3920 254 3989 mulieres
275 3923 410 3988 fascino
428 3924 534 3990 talem
552 3947 654 4009 quem
671 3925 785 3990 cernis
808 3925 1010 3990 effecerunt.
1041 3921 1090 3987 'l'e
1112 3922 1221 4006 igitur
1239 3941 1293 3986 ro-

88 4042 211 4103 gamus
232 4032 272 4090 11
293 4032 452 4091 nostrum
473 4029 681 4093 miserearis.
728 4027 827 4092 Tunc
849 4032 977 4092 sortem
1002 4025 1142 4090 illarum
1167 4024 1292 4090 dolens

152 4214 208 4250 non
215 4202 335 4252 1111111111
341 4207 457 4265 patrem:
467 4205 506 4252 1111
515 4204 556 4252 Pl.
566 4164 613 4267 pro
626 4201 694 4254 sitii
705 4204 931 4268 interpretatione
942 4202 1003 4266 quio
1011 4165 1088 4265 poter
1096 4217 1146 4251 noa
1155 4201 1294 4250 erotaotis

153 4283 367 4345 9111111111
385 4314 416 4325 ·-
434 4290 557 4338 redimus:
576 4290 616 4338 111
633 4290 687 4347 Fl.;
708 4287 764 4340 Sit.
784 4294 811 4339 et
830 4289 900 4339 Thil.
919 4289 1011 4352 Itaque
1029 4289 1124 4353 quoties
1137 4291 1246 4350 pectora
1259 4311 1290 4322 ··

72 4377 126 4411 ‘lm
143 4378 237 4424 maire
248 4377 299 4424 leco
310 4379 400 4425 metra
411 4375 571 4440 sepolchrum
579 4377 668 4440 patris
679 4377 760 4426 nostri
769 4377 869 4426 11111111
873 4411 881 4435 ,
900 4378 925 4425 et
936 4379 1069 4441 postquam
1081 4373 1240 4439 itifleoimoe
1251 4388 1291 4420 re·

65 4451 212 4507 vertimur
