2962 4912
140 286 180 350 62
336 286 670 341 essene-rnamenta
690 285 929 337 svaudunum.
957 285 1030 337 CAP.
1048 288 1080 337 V.
1100 285 1146 337 v1.

647 486 768 554 Oneon
792 487 833 556 V.

226 625 325 689 'Punc
341 622 447 689 Anna
469 624 604 707 repleta
625 626 751 708 spiritu
776 632 896 689 sancto
918 625 953 688 in
976 631 1166 707 conspectu
1189 626 1347 688 omnium

141 728 243 793 dixit:
266 728 440 792 Dominus
464 727 549 791 deris
572 730 786 793 exercituum
808 747 943 812 memor
961 726 1074 792 sactus
1096 732 1150 790 est
1170 726 1266 792 uerbi
1289 728 1345 791 sui

141 831 338 895 etvisitavit
352 829 491 912 plebem
509 831 816 895 sisamvisitatione
835 836 956 894 sancta
972 850 1045 911 susa,
1063 836 1102 893 ut
1117 836 1240 913 gentes
1252 850 1344 913 quae

140 932 371 1015 insurgebant
392 932 428 995 in
446 952 509 995 nos
526 931 689 998 humiliet
710 940 745 998 et
762 938 940 998 convertat
962 932 1006 997 ad
1023 953 1059 996 se
1078 932 1184 996 corda
1206 953 1344 996 eorum:

140 1035 279 1119 aperuit
294 1054 397 1099 liures
415 1055 495 1099 suas
512 1036 675 1117 precibus
693 1037 839 1119 nostris,
863 1044 898 1101 et
915 1036 1063 1101 exclusit
1079 1057 1099 1100 a
1115 1036 1216 1100 nobis
1234 1034 1347 1099 insul·

138 1141 292 1203 tationes
315 1136 535 1201 inimicorum
558 1144 765 1203 nostrorum.
806 1136 945 1204 Sterilis
968 1137 1062 1202 sacta
1082 1146 1135 1202 est
1157 1144 1285 1220 mater,
1310 1146 1347 1204 et

139 1241 263 1325 genuit
279 1239 528 1304 exultationem
546 1241 761 1305 etlaetitiam
778 1243 813 1305 in
824 1241 947 1306 Israel.
971 1240 1064 1304 Ecce
1075 1248 1197 1323 potero
1216 1240 1345 1305 offerre

140 1364 284 1408 maxaera
300 1343 457 1424 domino,
479 1350 515 1408 et
530 1366 600 1409 non
617 1352 784 1427 poterunt
799 1367 820 1409 a
835 1367 887 1410 me
905 1345 1091 1428 prohibere
1111 1344 1245 1409 inimici
1263 1346 1345 1409 mei.

138 1444 311 1510 Dominus
330 1452 508 1510 convertat
525 1447 629 1511 corda
653 1468 771 1511 eorum
788 1446 831 1511 ad
849 1469 917 1529 me,
942 1454 976 1512 et
993 1446 1052 1512 det
1073 1447 1156 1510 mihi
1174 1446 1344 1530 gaudium

141 1548 400 1631 sempiternum.

636 1685 756 1751 Canus
779 1685 841 1754 VI.

228 1820 341 1886 ¹Erat
361 1827 477 1885 autem
498 1821 613 1888 Maria
634 1824 670 1887 in
692 1822 921 1887 admiratione
946 1823 1039 1886 omni
1059 1823 1201 1905 populo.
1241 1821 1343 1906 Quae

141 1944 217 1987 cum
239 1925 344 1988 trium
367 1931 461 1989 esset
482 1945 666 2007 annerum,
693 1927 743 1990 ita
766 1931 901 1989 maturo
927 1944 1049 2006 gressu
1079 1924 1282 1990 ambulabat
1309 1932 1345 1990 et

139 2025 395 2108 perfectissime
413 2026 624 2110 loquebatur
645 2034 680 2092 et
700 2029 735 2091 in
754 2028 810 2092 dei
829 2027 993 2092 laudibus
1011 2027 1190 2108 studebat,
1213 2036 1343 2093 utnon

209 2200 238 2247 V.
278 2200 345 2248 time
365 2226 375 2238 ·
392 2201 462 2265 pleb.
483 2219 554 2252 eumn
577 2203 621 2266 (cn
640 2203 762 2268 populum
781 2202 862 2266 mum)
882 2229 890 2238 -
909 2208 999 2252 sancta
1018 2219 1066 2252 sua
1086 2209 1118 2253 nt
1139 2216 1207 2261 cnm
1238 2218 1256 2252 x
1279 2210 1345 2269 post

138 2287 200 2335 deus
211 2285 264 2335 add
276 2287 445 2351 omnipotens,
463 2292 533 2337 tum:
551 2305 643 2338 maner
654 2291 740 2346 facturr
751 2289 821 2337 uerbi
838 2289 878 2337 sui
890 2290 935 2338 vir.
947 2288 1013 2352 pleb.
1026 2304 1097 2337 suam
1115 2289 1141 2336 ιἰι
1154 2289 1218 2338 bona
1232 2291 1300 2339 oisit.
1318 2294 1346 2339 et

138 2375 242 2427 sancta,·
261 2372 326 2421 item
345 2385 362 2420 Β
375 2373 482 2423 Domine
500 2375 561 2423 dens
578 2376 696 2438 omnipot.
716 2375 759 2438 qui
771 2391 830 2423 eras
846 2375 927 2438 etqui
943 2390 982 2430 es,
999 2375 1168 2438 mansuetus
1183 2392 1209 2423 es
1221 2376 1293 2424 uerbi
1305 2377 1345 2423 tui

138 2458 221 2505 sancti
233 2461 258 2505 et
270 2457 393 2506 cistitastr'
400 2459 469 2522 pleb.
483 2463 552 2508 tuam
564 2461 590 2508 in
602 2460 667 2509 bona
679 2461 724 2508 ais.
737 2464 763 2509 et
774 2464 864 2509 sancta
878 2459 881 2523 Ι
895 2463 924 2508 ut
932 2464 1020 2522 pentes
1033 2464 1076 2508 ete
1090 2465 1120 2507 nt
1133 2473 1164 2520 s;
1183 2461 1249 2510 item
1262 2475 1280 2508 ιι
1295 2459 1344 2508 sed

139 2543 208 2591 cort.
221 2559 306 2592 eorum
317 2543 431 2593 bmnitiet
448 2549 474 2594 et
490 2546 525 2594 ad
542 2561 567 2595 se
580 2561 664 2604 cona,
684 2546 750 2596 item
763 2557 778 2594 c
792 2544 839 2594 scd
852 2560 992 2594 cereorum
1003 2545 1037 2592 aa
1050 2561 1088 2600 se,·
1106 2545 1170 2593 item
1184 2559 1202 2593 n
1216 2545 1265 2594 sed
1279 2550 1345 2608 post

138 2629 164 2675 in
177 2629 323 2693 respergit
336 2630 362 2677 in
373 2629 516 2681 bumilitate
525 2632 605 2681 cerda
616 2647 701 2680 eorum
710 2634 929 2686 contrectarentur,¹
946 2642 963 2678 Β
974 2645 1037 2679 vero
1050 2634 1078 2678 ut
1090 2633 1249 2678 converteres
1261 2630 1345 2678 cordo

135 2713 246 2775 pertinen
259 2714 293 2762 ad
305 2714 412 2764 salutem
424 2720 449 2765 et
460 2717 608 2765 excluderes
620 2717 788 2766 exultationes
800 2731 886 2764 earum
896 2713 958 2777 (sie)
968 2716 1011 2778 qui
1022 2731 1072 2764 non
1084 2716 1249 2764 crediderunt
1262 2716 1266 2779 l
1282 2731 1342 2778 ape·

137 2798 191 2846 ruit
203 2802 246 2846 etc
259 2803 290 2846 ut
302 2810 346 2856 cn,
363 2800 429 2849 item
442 2799 524 2865 (aper.
538 2809 602 2851 ante
615 2818 691 2851 aures
703 2800 818 2865 ponens)
831 2815 865 2861 ις
884 2814 899 2848 Β
912 2816 983 2863 aper.
997 2805 1079 2849 autem
1091 2801 1152 2848 deus
1163 2816 1220 2847 aur.
1234 2815 1296 2848 suas
1309 2800 1344 2849 ad

136 2899 225 2947 preces
236 2887 351 2941 nostram
365 2897 381 2933 Β
391 2888 516 2949 aperuisti
528 2904 585 2936 aur.
599 2892 657 2936 tuas
665 2903 708 2951 pr.
722 2903 761 2936 no.
776 2884 780 2952 Ῑ
794 2892 819 2935 et
829 2886 858 2947 (A
868 2886 921 2948 om)
931 2886 994 2934 eccl.
1008 2903 1025 2933 a
1038 2886 1108 2934 nobis
1119 2884 1148 2945 (Δ
1159 2884 1211 2933 add
1222 2885 1343 2949 omniurn)

138 2968 254 3018 inmittat.
268 2968 297 3029 (Δ
309 2969 398 3032 exult.)
411 2971 457 3018 ini.
469 2977 548 3020 nostr.
563 2985 593 3022 ut
606 2985 692 3022 anns:
711 2986 728 3021 Β
741 2969 799 3035 om!
815 2971 940 3021 Sterilis·
955 2972 981 3019 in
994 2971 1024 3031 (ιι
1037 2971 1090 3032 οιιι)
1104 2971 1154 3018 Ιιν.
1172 2976 1203 3019 nt
1215 2984 1305 3030 ΑεΒΒς
1325 2983 1342 3017 Β

137 3055 314 3119 pnoefueram
325 3056 437 3112 sterilis,
454 3059 620 3122 materfacta
631 3074 697 3115 eum,·
710 3058 789 3108 exult.
801 3063 827 3107 et
839 3058 899 3105 laet.
909 3058 986 3119 penui
994 3056 1091 3121 populo
1104 3056 1130 3103 in
1143 3056 1193 3103 Irr.
1208 3053 1212 3121 1
1228 3056 1299 3105 Ecce
1311 3057 1342 3118 (n

139 3139 191 3190 add
211 3139 272 3200 iarn)
280 3144 373 3203 potero
387 3166 394 3176 ·
407 3141 506 3191 mnino
519 3142 549 3204 (Β
562 3144 654 3192 domin.
667 3145 713 3194 deo
725 3144 789 3207 meo)
802 3149 832 3193 ut
845 3156 914 3203 cnm
933 3155 969 3191 ΔΒ
982 3143 1054 3194 Ecce
1060 3143 1148 3205 posita
1161 3158 1226 3189 mun.
1246 3142 1341 3207 offerre

137 3226 202 3274 dom.
215 3240 268 3273 meo
285 3220 289 3289 Ι
309 3229 335 3274 et
345 3242 395 3275 non
403 3231 526 3290 poterunt
537 3227 584 3289 (AB
593 3229 743 3293 potuerant)
762 3246 779 3277 a
796 3229 823 3291 (Β
836 3229 890 3290 οιιι)
907 3244 944 3278 me
954 3227 1088 3291 probibere
1101 3225 1128 3288 (Β
1136 3227 1282 3290 prohiberi)
1297 3227 1340 3275 ini.

137 3311 198 3358 mei:
217 3320 252 3357 on
271 3315 297 3357 et
314 3328 393 3374 quare
410 3328 448 3360 me
461 3313 768 3376 matbematicorum
780 3313 927 3375 noluerant)
943 3314 987 3361 ini.
1001 3314 1048 3361 urei
1067 3311 1071 3378 l
1089 3313 1214 3361 Dominus
1225 3318 1257 3361 nt
1270 3325 1339 3361 cna:

137 3408 172 3443 ΔΒ
186 3397 270 3451 Densi
289 3407 322 3445 ca
335 3397 388 3446 add
400 3398 472 3455 enim,
485 3411 522 3446 ΔΒ
534 3404 626 3457 autem,
644 3400 684 3448 nil
697 3399 750 3450 ndd
763 3413 782 3449 Β
795 3398 799 3465 Ι
815 3404 947 3450 concertat
959 3398 987 3460 (x
1001 3397 1135 3458 conuertit)
1149 3399 1229 3447 corda
1242 3398 1270 3459 (Δ
1284 3396 1340 3460 cor)

137 3497 221 3530 eorum
230 3484 265 3532 aa
274 3500 311 3532 mc
324 3487 355 3531 at
364 3494 435 3531 uon:
449 3495 482 3532 cs
492 3484 586 3533 avertit
598 3484 626 3546 (a
638 3485 740 3548 euertit)
753 3501 796 3534 eos
807 3503 824 3534 a
832 3502 870 3534 me
884 3484 887 3549 Ι
901 3490 927 3534 et
938 3485 981 3534 det
993 3484 1021 3546 (Β
1031 3484 1132 3548 detque)
1144 3484 1206 3532 mibi
1218 3485 1249 3545 (n
1259 3483 1339 3542 nobis,

137 3567 220 3630 Βοιιι)
230 3570 309 3632 paud.
328 3584 404 3632 semp.
421 3568 450 3630 (s
460 3569 539 3632 paca.
556 3586 627 3619 suum
643 3570 802 3634 copnoscere)
819 3580 851 3620 at
868 3570 945 3632 n(s):
964 3582 1017 3619 xcx
1035 3574 1060 3618 et
1076 3569 1105 3631 (x
1118 3568 1171 3617 odd
1186 3568 1251 3632 ipse)
1268 3568 1341 3619 dedit

136 3653 196 3699 mibi
204 3655 283 3716 paud.
296 3655 439 3719 sempitern.

207 3737 251 3796 VI,
271 3741 294 3788 1.
319 3752 336 3787 Β
349 3742 375 3788 ιἰι
387 3742 574 3804 exspectatione
588 3741 592 3805 Ι
606 3743 673 3792 omni
680 3742 777 3806 populo
790 3741 837 3803 (nn
850 3740 903 3790 add
915 3741 1012 3801 Israel)
1025 3745 1056 3790 ut
1068 3752 1156 3789 cons:
1177 3753 1193 3788 x
1206 3736 1337 3805 omnibus!

141 3821 211 3883 Quae
235 3828 266 3873 ut
277 3838 346 3873 sua:
366 3837 401 3875 en
414 3827 475 3889 quia
489 3822 493 3890 l
513 3827 603 3874 trium.-
619 3840 636 3874 Β
654 3826 684 3875 V.
702 3824 706 3891 Ι
726 3828 764 3875 ita
776 3827 823 3889 (nn
837 3831 897 3885 tarn,
910 3839 946 3876 cl>
959 3824 1012 3885 om)
1025 3831 1086 3874 mat.
1097 3842 1178 3888 prees.
1192 3824 1342 3875 arnbatabat

137 3910 166 3969 (Β
180 3909 336 3971 ιἰιοεάεόιιί).·
348 3910 387 3960 iss
399 3923 490 3960 ΔΒΟΒΒ
505 3907 509 3975 l
523 3916 549 3960 et
556 3914 702 3977 perfectius·
715 3925 799 3977 unque
812 3912 944 3962 insistebat
956 3918 986 3961 ut
999 3925 1027 3960 Βι
1042 3923 1077 3961 cn
1090 3912 1165 3960 etita
1174 3913 1244 3976 perf.
1259 3913 1287 3959 in
1298 3912 1343 3961 dei

137 3993 255 4042 toadibus
267 3996 434 4057 permanebat
446 3996 476 4058 (n
489 3997 608 4059 samar)
626 4003 655 4046 ut
666 4014 749 4047 omnes
768 4000 798 4059 (n
810 3998 864 4047 add
875 3997 944 4059 tine)
961 4003 1064 4061 stupore
1081 4001 1107 4046 et
1124 3997 1297 4047 admiratione
1309 3996 1342 4059 (n

137 4079 190 4128 add
202 4081 236 4141 ei)
249 4079 416 4139 subiacerent,
429 4082 488 4145 quia
499 4097 549 4131 non
562 4082 592 4145 (n
605 4083 658 4132 add
671 4084 709 4146 ut)
723 4083 853 4147 irisantalo
862 4084 1012 4147 putabatur,
1024 4083 1068 4131 sed
1082 4082 1111 4143 (n
1122 4082 1174 4132 add
1184 4082 1222 4145 ut)
1236 4099 1343 4146 mopso,

137 4170 162 4213 et
174 4166 247 4228 perani
263 4167 323 4229 trip.
342 4167 392 4215 iam
404 4165 430 4227 (ο
444 4170 516 4231 quasi
532 4169 583 4217 iam
592 4169 683 4232 piena)
696 4184 827 4227 annorum,
840 4171 878 4218 ita
891 4169 920 4231 (o
934 4169 987 4219 add
1000 4168 1039 4229 nt)
1052 4169 1079 4215 in
1091 4169 1206 4216 oratioue
1219 4170 1342 4218 comisto·

138 4250 193 4306 bats
212 4264 229 4299 n
242 4255 294 4299 tam
303 4253 372 4316 pers.
383 4251 531 4315 loquebatur
544 4258 643 4317 totaque
655 4255 756 4303 assidue
774 4255 800 4303 in
812 4256 853 4303 dei
866 4255 983 4303 laudibus
997 4254 1104 4302 uacabat
1121 4258 1149 4301 ut
1166 4269 1250 4302 cinnes
1262 4270 1344 4317 super·

136 4351 168 4384 ea
183 4341 314 4400 stuperent
330 4342 356 4386 et
373 4338 578 4397 admirarentur,
596 4344 622 4388 et
633 4340 694 4403 qnia
706 4355 754 4388 non
766 4339 898 4404 infantula
907 4340 1049 4404 putabatur
1061 4356 1126 4397 esse,
1144 4340 1189 4389 sed
1205 4344 1233 4389 ut
1246 4340 1345 4389 adulta

137 4422 211 4485 quasi
222 4438 344 4472 annorum
357 4424 473 4487 triginta,
487 4426 525 4473 ita
537 4425 651 4475 orationi
663 4425 802 4475 insistebat.
828 4423 959 4475 Similiter
971 4437 987 4473 Β
1001 4424 1049 4475 ssd
1063 4426 1144 4475 habet
1157 4430 1266 4475 tentum
1279 4440 1344 4475 sem·
