2962 4912
136 298 199 363 480
525 300 695 354 vmmcus
717 303 942 355 SALVATORIS.

136 449 337 516 Nicodemus
363 450 496 515 insimul
524 459 755 517 convenerunt
797 452 998 520 Nicodemus
1020 462 1130 521 autem
1152 455 1237 521 dixit
1260 453 1336 537 Ego

140 553 207 617 vidi
230 575 318 636 cum,
347 559 380 619 et
403 554 470 619 scio
493 575 567 619 vere
590 555 670 637 quia
696 556 768 638 ipse
796 562 847 621 est
873 556 1018 624 salvator
1044 558 1167 624 mundi.
1209 557 1336 639 Ioseph

140 662 250 722 autem
273 657 356 722 dixit
378 658 408 722 ei
430 657 478 721 Et
499 678 559 740 ego
583 657 719 741 deposui
741 680 816 725 eum
839 660 878 725 de
901 682 997 727 cruce
1020 668 1054 726 et
1075 662 1170 744 posui
1197 683 1273 725 eum
1302 661 1335 724 in

138 768 348 827 monumento
380 784 479 846 novo,
513 762 601 846 quod
632 769 705 829 erat
736 766 879 830 excisum
911 765 951 831 de
981 772 1087 849 petra.
1139 767 1186 831 Et
1218 765 1336 830 Iudaei

139 871 317 930 tenuerunt
338 885 390 929 me
413 864 560 929 clausum
582 866 616 930 in
641 865 693 930 die
716 887 893 949 parasceve
917 868 960 933 ad
982 890 1169 951 vesperam:
1202 876 1235 934 et
1258 868 1338 932 dum

141 975 264 1032 starem
285 967 320 1032 in
343 967 492 1032 oratione
514 967 566 1032 die
590 967 731 1050 sabbati,
757 990 916 1051 suspensa
939 977 990 1035 est
1013 970 1128 1036 domus
1151 992 1171 1036 a
1193 976 1339 1053 quatuor

118 1070 285 1154 angulis,
313 1076 347 1135 et
373 1070 440 1134 vidi
468 1070 635 1136 dominum
661 1071 772 1137 Iesum
796 1072 965 1138 Christum
994 1074 1080 1138 sicut
1107 1073 1216 1156 fulgur
1243 1072 1339 1152 luciS,

142 1182 177 1240 et
204 1194 285 1257 prae
311 1174 429 1240 timore
458 1174 560 1238 cecidi
587 1175 622 1238 in
649 1181 792 1240 terram
824 1176 871 1241 Et
893 1175 976 1241 dixit
999 1175 1114 1242 adme
1137 1177 1281 1258 Respice
1304 1176 1340 1238 in

144 1295 210 1359 me,
233 1277 311 1357 quia
333 1297 394 1360 ego
418 1296 489 1340 sum
510 1276 619 1359 Iesus²
642 1279 735 1342 cuius
759 1299 877 1360 corpus
900 1278 1047 1361 sepelisti
1070 1279 1103 1343 in
1127 1284 1340 1345 monumento

143 1384 209 1441 tuo.
254 1377 301 1441 Et
329 1398 388 1461 ego
416 1376 485 1440 dixi
516 1378 546 1441 ei
576 1376 722 1444 Ostende
753 1378 833 1443 mihi
865 1379 1052 1462 sepulcrum
1082 1381 1138 1445 ubi
1169 1381 1265 1463 posui
1297 1387 1341 1444 te.

144 1479 190 1544 Et
220 1478 315 1545 Iesus
345 1487 461 1544 tenens
491 1501 625 1544 manum
655 1502 763 1545 meam
792 1480 929 1547 dextera
960 1504 1020 1548 sua
1051 1480 1188 1549 adduxit
1220 1506 1273 1548 me
1305 1484 1341 1547 in

145 1586 253 1650 locum
275 1583 332 1648 ubi
356 1582 488 1665 sepelivi
512 1605 595 1648 eum.

232 1688 258 1727 ²²
280 1687 384 1754 Venit
414 1692 525 1752 autem
556 1693 590 1752 et
620 1688 738 1753 mulier
767 1689 899 1755 nomine
930 1690 1098 1758 Veronics
1129 1697 1162 1755 et
1193 1689 1278 1754 dixit
1310 1691 1341 1755 ei

145 1793 219 1874 Ego
244 1794 353 1854 autem
376 1787 470 1870 tetigi
493 1788 527 1851 in
550 1787 649 1853 turba
670 1787 833 1853 fimbriam
855 1788 1041 1854 vestimenti
1068 1790 1152 1873 eius,
1181 1791 1260 1873 quia
1283 1812 1342 1854 an·

147 1895 198 1958 nis
223 1890 394 1956 duodecim
421 1889 590 1971 sanguinis
617 1887 741 1954 fluxum
768 1911 868 1973 passa
896 1911 981 1970 sum,
1009 1897 1043 1954 et
1070 1891 1182 1955 statim
1210 1891 1344 1955 sanavit

147 2016 207 2060 me.
254 1994 280 2032 ²³
301 1991 395 2057 Tunc
417 1991 500 2056 dixit
523 1991 720 2058 Velosianus
742 1993 783 2058 ad
804 1993 951 2058 Pilatum
974 1992 1026 2059 Tu
1047 1993 1155 2059 Pilate
1183 1995 1285 2076 impie
1310 2000 1344 2058 et

148 2095 304 2175 crudelis,
333 2114 433 2177 quare
457 2092 655 2157 interfecisti
676 2091 780 2157 filium
803 2093 878 2159 dei?
922 2094 1052 2159 Pilatus
1075 2102 1184 2160 autem
1207 2116 1343 2176 respon-

149 2198 198 2264 dit
214 2196 305 2264 Gens
329 2215 388 2260 sus
411 2199 443 2258 et
465 2193 636 2276 pontifices
651 2194 768 2260 Annas
790 2200 823 2258 et
843 2193 996 2278 anphss
1017 2195 1111 2261 illum
1132 2196 1345 2261 tradiderunt

148 2301 237 2366 mihi.
280 2298 479 2367 Velosianus
502 2297 585 2362 dixit
607 2297 714 2381 Impie
742 2304 776 2362 et
798 2296 955 2379 crudelis,
981 2304 1085 2364 morte
1108 2298 1227 2383 dignus
1252 2321 1287 2363 es
1311 2305 1344 2363 et

149 2426 255 2490 poena
283 2402 416 2468 crudeli.
465 2401 511 2467 Et
537 2402 663 2467 remisit
691 2422 779 2466 eum,
793 2401 828 2466 in
856 2422 1030 2467 carcerem.
1076 2403 1101 2441 ²⁴
1122 2403 1170 2467 Et
1192 2401 1344 2468 Velosia·

149 2531 211 2575 nus
239 2508 368 2573 demum
397 2505 568 2588 inquisivit
600 2504 717 2569 faciem
748 2504 815 2569 sive
842 2505 968 2569 vultum
995 2504 1126 2570 domini.
1174 2505 1344 2569 Dixerunt

150 2616 180 2680 ei
204 2609 396 2693 omnesqui
421 2609 542 2674 ibidem
569 2615 664 2674 erant
685 2608 809 2674 Mulier
836 2610 967 2674 nomine
989 2608 1157 2677 Veronica
1184 2616 1235 2674 est
1258 2631 1344 2692 quae

151 2753 362 2765 ---—--.-——-·

152 2841 324 2894 custodiebant
347 2838 400 2887 sius
423 2838 577 2900 sepulerum,
602 2842 626 2887 sl
648 2837 770 2887 inclinavi
792 2842 868 2900 sapui
889 2852 969 2886 mm
991 2841 1016 2886 sl
1038 2838 1148 2901 capitanii
1170 2838 1257 2887 sidere
1275 2853 1343 2894 sum,-

150 2930 193 2980 sed
212 2925 329 2987 conspexi
347 2924 382 2971 ili
399 2924 463 2971 nihil
477 2924 508 2972 ds
526 2939 563 2982 eo,
581 2924 625 2972 ssd
642 2923 697 2971 aidi
713 2923 762 2971 duc
780 2922 884 2986 cupales
901 2938 976 2971 unum
993 2922 1028 2972 ad
1045 2926 1164 2985 caputet
1181 2923 1292 2971 alterum
1309 2923 1343 2971 ad

149 3015 244 3077 pedem,
265 3016 290 3060 st
307 3011 499 3072 inissnopasunl
514 3025 552 3057 ms
569 3024 640 3072 pauens
658 3023 811 3071 quwnsin
848 3008 976 3070 Respondi
993 3009 1030 3057 eis
1046 3012 1072 3056 et
1088 3008 1144 3057 disi
1165 3006 1267 3069 Quaero
1285 3025 1340 3056 eru·

151 3097 251 3161 silianum
271 3095 439 3145 Salaaiorsm.
475 3094 574 3142 Rursus
595 3094 714 3142 ‹lismnl
735 3093 795 3141 mili
813 3092 832 3141 I
850 3093 877 3141 in
898 3092 1057 3150 Galilasanss
1080 3093 1117 3141 ili
1137 3093 1256 3141 violabilis
1279 3110 1340 3150 aum,

152 3182 356 3249 quemadmodum
369 3179 502 3241 praedixit
519 3179 596 3228 nobis.
632 3180 717 3242 Atque
734 3182 811 3227 eiiam
825 3183 885 3241 posi
901 3180 971 3236 lace,
989 3181 1028 3227 aii
1044 3179 1148 3241 Iasspi,
1171 3179 1226 3227 cidi
1243 3195 1298 3227 eum
1316 3181 1342 3226 in

152 3271 238 3320 eadm
256 3281 332 3316 cam
350 3266 376 3315 in
395 3283 444 3330 qua
462 3270 519 3316 arat
536 3270 620 3323 anisa,
639 3269 664 3314 sl
681 3265 752 3314 dudit
768 3265 902 3328 discipulis
918 3265 972 3314 suis
988 3264 1061 3314 edere
1077 3268 1103 3313 st
1120 3262 1212 3314 bibere.

237 3357 279 3406 22.
313 3352 387 3403 Venit
404 3358 486 3403 autem
503 3357 528 3402 et
545 3352 636 3401 mulier
654 3377 662 3387 ·
680 3357 706 3401 et
722 3353 791 3401 aisis
807 3353 839 3401 si.
875 3350 919 3401 Sic
942 3350 975 3401 ds
1000 3353 1153 3402 coniectura
1175 3351 1287 3414 scripsi:
1317 3353 1344 3399 in

153 3441 245 3492 codice
259 3440 330 3489 enim
344 3444 385 3489 est
401 3439 476 3488 Venit
494 3440 527 3486 ad
544 3454 581 3487 ms
599 3438 691 3487 mulier
709 3463 717 3472 -
735 3441 760 3486 si
777 3437 845 3487 aisis
861 3438 931 3487 miii.
969 3437 1021 3487 Sed
1039 3439 1113 3487 locus
1130 3443 1274 3499 corruptus
1293 3446 1344 3493 est,

154 3529 205 3578 etsi
224 3531 316 3577 nostra
335 3527 466 3588 scriptura
484 3539 566 3588 prope
584 3523 691 3573 aceedit
709 3522 743 3571 nd
754 3523 1002 3587 Anglosnxonicsm,
1022 3538 1088 3587 quse
1103 3523 1141 3572 its
1154 3522 1251 3571 habet:
1271 3523 1344 3571 Post·

156 3628 229 3676 quam
247 3613 338 3676 Ioseph
356 3613 394 3660 ita
412 3610 510 3659 locutus
527 3612 577 3666 ssi,
599 3609 667 3657 assit
684 3608 835 3658 assuradilis
852 3608 943 3657 malian·
965 3608 1089 3658 Veronica
1104 3613 1129 3657 si
1148 3608 1235 3657 locuta
1253 3611 1292 3655 esi
1309 3608 1347 3655 sia

155 3698 213 3760 Epo
231 3697 283 3746 scio
300 3698 354 3746 loa·
394 3695 474 3758 Quum
497 3711 566 3744 eram
588 3695 614 3743 in
637 3694 713 3744 turba
732 3693 838 3757 papuli,
860 3709 910 3743 non
927 3696 1045 3756 pataram
1061 3710 1143 3758 prope
1166 3694 1289 3741 accedere
1312 3693 1346 3741 ad

155 3799 223 3838 sums
251 3782 294 3831 sed
317 3786 414 3831 ianmm
437 3782 510 3843 tetigi
528 3780 659 3844 flauminum
681 3779 822 3828 aestimanti
842 3779 908 3826 sius:
936 3783 961 3827 εἰ
979 3795 1032 3827 cum
1050 3780 1139 3843 fluxus
1156 3779 1291 3841 sanpuiuis
1308 3794 1347 3826 me

157 3866 300 3931 affilirerat
318 3867 351 3913 ad
369 3865 493 3912 minimum
504 3864 635 3913 duodecim
652 3864 734 3922 annis,
752 3863 825 3912 illico
842 3880 895 3911 mm
912 3868 1018 3921 sanata,-
1037 3869 1109 3927 cique
1125 3880 1169 3926 epo
1182 3880 1280 3925 senum
1292 3880 1346 3912 cre·

157 3951 221 4009 didi,
239 3967 293 3999 eum
311 3967 362 3999 essa
379 3953 459 3998 visum
476 3951 549 4001 deum
566 3966 597 3998 es·
614 3952 681 3999 omni
698 3950 859 3999 calamitate.

241 4038 282 4086 23,
310 4035 384 4083 ASsx
408 4034 468 4083 llum
491 4033 642 4085 Volusianus
663 4035 736 4083 iussit
754 4034 867 4083 Pilatum
888 4034 993 4092 adduci,
1016 4038 1042 4083 sl
1058 4035 1123 4083 dail
1148 4035 1181 4082 aul
1199 4049 1253 4082 eum
1275 4031 1347 4093 Quid

158 4137 260 4170 natissae
271 4120 328 4184 suit
344 4125 373 4170 ui
390 4123 505 4171 traderes
523 4124 556 4170 ad
574 4127 677 4171 mortem
687 4121 774 4186 filium
792 4121 848 4170 deii
872 4125 915 4171 etc

242 4211 284 4256 24.
308 4208 398 4257 Priors
416 4209 531 4260 inASax
550 4211 634 4259 multo
652 4209 758 4258 brevius
777 4208 960 4257 absolvuntur.
991 4208 1133 4271 Postquam
1152 4207 1220 4254 enim
1240 4205 1346 4253 dictum

159 4300 200 4345 est
213 4296 252 4343 Et
266 4293 416 4345 Volusianus
427 4297 501 4346 iussit
512 4313 565 4346 enm
577 4298 644 4346 miili
656 4298 682 4345 in
686 4297 804 4360 ferream
817 4311 916 4346 caesam
928 4299 953 4345 et
964 4296 1055 4345 coniici
1067 4296 1093 4343 in
1104 4309 1236 4350 carcerem,
1250 4294 1346 4341 ststim

159 4380 279 4445 pergitur
297 4397 327 4429 ac
346 4385 396 4430 iam
415 4382 452 4429 ita
468 4381 536 4430 dixit
552 4381 586 4430 ad
603 4382 768 4431 venerabilem
785 4380 914 4430 mulierem
931 4380 1066 4443 Praecipio
1085 4378 1142 4436 lidi,
1165 4375 1301 4434 Venonica,
1322 4379 1349 4423 ui
