2962 4912
274 315 505 368 tennemonn
524 317 717 370 munnulus
735 318 926 370 ABABICUM.
953 319 1049 371 xxlv.
1066 319 1145 370 XXV.
1163 321 1257 371 XXVI.
1304 320 1366 385 193

185 468 423 539 dormientium.
461 468 574 535 Erant
597 475 713 534 autem
736 469 805 533 duo
830 470 891 534 isti
914 469 1083 551 latrones,
1110 469 1146 533 in
1168 491 1256 552 quos
1281 472 1370 536 inci·

180 575 299 652 derant,
324 569 427 636 Titus
457 578 493 636 et
522 572 735 638 Dumachus.
781 571 882 637 Dixit
910 573 1020 656 igitur
1043 571 1144 638 Titus
1169 572 1366 640 Dumacho:

174 681 267 761 Rogo
287 679 321 739 te
342 679 383 739 ut
402 675 489 740 istos
511 676 605 741 sinas
626 676 723 742 abire
740 675 866 757 libere,
889 683 994 759 atque
1017 676 1068 741 ita
1089 682 1129 741 ut
1151 677 1238 741 socii
1255 678 1367 742 nostri

168 803 228 852 eos
250 796 318 842 non
344 778 632 844 animadvertant.
677 778 876 848 Recusante
902 786 1018 844 autem
1040 778 1221 845 Dumacho
1245 801 1366 845 rursus

163 888 282 956 Titus:
308 877 402 964 Cape
414 880 490 961 tibi,
508 882 634 965 inquit,
651 902 735 946 arne
747 880 980 965 quadraginta
990 881 1182 963 drachmas,
1194 888 1229 947 et
1238 883 1367 967 pignus

155 987 254 1060 habe
270 982 389 1048 hocce.
421 982 532 1049 Simul
550 1005 672 1049 zonam
689 1004 757 1067 qua
774 984 909 1048 cinctus
928 990 1002 1048 erat
1024 983 1056 1047 ei
1073 986 1244 1067 porrexit,
1267 994 1366 1051 utne

149 1091 319 1164 hisceret
335 1107 420 1152 neve
437 1088 651 1172 loqueretur.
675 1087 880 1170 Vidensque
894 1086 1034 1151 domina
1049 1087 1259 1153 heraMaria
1273 1089 1368 1153 hunc

147 1201 337 1268 latronem
359 1190 446 1273 ipsis
467 1190 701 1272 benefecisse,
725 1190 775 1255 ait
794 1189 862 1254 illi:
893 1188 1066 1255 Dominus
1084 1190 1169 1256 deus
1189 1196 1223 1256 te
1245 1190 1369 1256 dextra

142 1317 227 1372 sua
259 1295 475 1360 sustentabit
506 1301 540 1360 et
570 1294 812 1361 remissionem
840 1298 1064 1377 peccatorum
1094 1294 1160 1359 tibi
1185 1293 1365 1378 largietur.

139 1396 340 1476 Dominus
357 1403 474 1462 autem
490 1395 591 1463 Iesus
608 1395 791 1480 rospondit
808 1401 843 1461 et
860 1395 948 1460 dixit
964 1397 1064 1461 matri
1083 1417 1179 1461 suae:
1203 1396 1291 1463 Post
1307 1398 1368 1462 tri·

137 1506 264 1597 ginta
279 1520 401 1580 annos,
424 1522 443 1565 o
461 1484 579 1583 mater,
604 1496 810 1584 crucifigent
825 1519 878 1564 me
895 1497 1020 1564 Iudaei
1036 1496 1314 1584 Hierosolymae,
1332 1506 1368 1565 et

139 1612 233 1680 duo
257 1601 319 1666 isti
341 1601 497 1668 latrones
518 1623 652 1668 mecum
673 1624 743 1667 una
767 1603 804 1667 in
826 1622 964 1667 crucem
985 1601 1168 1684 tollentur,
1194 1601 1295 1667 Titus
1321 1603 1367 1668 ad

136 1709 322 1785 dextram
338 1726 449 1772 meam
467 1711 504 1771 et
517 1705 721 1771 Dumachus
738 1705 782 1770 ad
799 1705 986 1788 sinistram,
1011 1711 1046 1770 ct
1060 1711 1143 1789 post
1157 1704 1257 1769 illum
1274 1703 1366 1770 diem

138 1807 417 1907 praecedotme
429 1806 530 1874 Titus
545 1810 582 1872 in
593 1806 803 1892 paradisum.
829 1805 986 1892 Cumque
998 1807 1145 1872 dixisset
1159 1807 1234 1872 illa:
1258 1807 1368 1873 Aver-

138 1921 216 1989 tat
233 1907 300 1976 hcc
320 1932 341 1976 a
356 1918 391 1979 te
409 1912 510 1994 deus,
532 1912 579 1977 mi
595 1911 660 1993 fili,
683 1910 847 1975 abierunt
861 1910 961 1976 illinc
982 1910 1026 1975 ad
1042 1909 1163 1974 urbem
1179 1909 1365 1993 idolorum,

138 2033 273 2110 quac,
305 2035 382 2080 cum
413 2015 467 2080 illi
498 2015 856 2099 appropinquassent,
886 2014 923 2078 in
949 2012 1057 2078 colles
1082 2032 1272 2078 arenaceos
1297 2012 1368 2077 fuit

141 2121 312 2195 mutata.

623 2269 743 2336 Cannu
766 2269 906 2338 XXIV.

254 2406 347 2472 Hinc
364 2406 414 2471 ad
436 2427 652 2490 sycomorum
670 2407 767 2472 illam
790 2406 938 2491 digressi
962 2412 1044 2472 sunt
1061 2428 1149 2490 quae
1170 2406 1275 2471 hodio
1291 2405 1366 2472 Ma·

143 2523 265 2581 careo
278 2515 435 2591 vocatur,
460 2516 495 2574 et
510 2510 675 2593 produxit
692 2509 851 2574 dominus
868 2507 969 2574 Iesus
986 2508 1119 2574 iontem
1141 2510 1178 2574 in
1194 2509 1364 2590 Matarea‚

150 2619 202 2681 in
230 2632 294 2696 quo
316 2612 401 2678 hera
421 2612 537 2678 Maria
561 2612 766 2678 subuculam
788 2614 863 2678 eius
885 2612 979 2677 lavit.
1024 2612 1079 2676 Ex
1098 2613 1225 2678 sudore
1248 2618 1365 2677 autem

153 2715 299 2780 domini
315 2715 414 2796 Iesu,
439 2738 541 2798 quem
561 2717 623 2781 illa
645 2717 694 2780 ibi
712 2717 854 2800 sparsit,
876 2715 1069 2781 balsamum
1091 2717 1128 2781 in
1144 2716 1207 2781 illa
1222 2716 1367 2798 regione

150 2819 335 2901 provenit.

633 2971 754 3039 Oneon
776 2971 897 3040 XXV.

250 3107 340 3174 Inde
367 3109 549 3192 Memphin
575 3109 849 3190 descenderunt,
879 3109 1023 3191 visoque
1049 3108 1233 3173 Pharaone
1259 3109 1369 3173 trien·

151 3206 264 3275 nium
279 3213 315 3276 in
325 3212 463 3296 Egypto
481 3211 732 3292 substiterunt,
747 3212 901 3294 fecitque
919 3210 1081 3277 dominus
1097 3210 1198 3275 Iesus
1215 3211 1367 3293 plurima

151 3304 192 3370 in
208 3309 355 3398 Egypto
374 3315 553 3396 miracula,
575 3335 664 3397 quae
681 3335 795 3398 neque
812 3315 848 3378 in
866 3314 1045 3397 evangelio
1062 3313 1232 3378 infantiae
1250 3334 1365 3396 neque

150 3407 192 3473 in
211 3417 400 3501 evangelio
417 3417 575 3501 perfecto
592 3419 724 3500 scripta
739 3417 973 3501 reperiuntur.

623 3620 744 3688 (larun
766 3620 906 3688 XXVL

251 3757 382 3825 Exacto
402 3779 483 3824 vero
504 3760 657 3825 triennio
678 3757 785 3825 rediit
811 3779 852 3825 ex
870 3758 1025 3844 Egypto,
1052 3764 1087 3824 et
1111 3779 1269 3824 reversus
1296 3763 1364 3838 ost;

146 3871 312 3947 cumque
334 3861 502 3928 Iudaeam
524 3865 741 3948 attigissent,
767 3863 885 3929 timuit
904 3861 1077 3946 Iosephus
1098 3860 1194 3926 illam
1216 3861 1365 3942 intrare;

144 3963 311 4032 audiens
321 3987 403 4032 vero
416 3966 607 4033 decessisse
618 3966 797 4032 Herodem
809 3973 844 4032 et
853 3963 1067 4032 Archelaum
1077 3964 1188 4031 filium
1203 3961 1369 4031 inlocum

143 4060 244 4133 eius
259 4070 481 4152 successisse,
499 4071 616 4135 timuit
632 4069 783 4153 quidem,
801 4069 863 4135 sed
879 4070 916 4135 in
932 4067 1100 4135 Iudaeam
1117 4067 1216 4134 abiit.
1245 4065 1368 4152 Appa-

144 4200 379 4221 ᾨ-

238 4281 325 4331 mv.
344 4281 506 4331 abacelam:
518 4282 558 4330 its
571 4282 610 4332 ΡΙ.
624 4298 671 4347 pro
685 4285 803 4333 tunieom.

237 4364 325 4417 XXVI.
343 4367 429 4416 mit
441 4367 552 4432 quidem,
569 4368 613 4418 sed
625 4369 653 4417 io
664 4369 788 4418 Iudaeam
800 4369 878 4419 obiit:
896 4371 936 4419 itu
948 4369 987 4418 Fl.
1005 4384 1053 4432 pro
1073 4367 1184 4419 Siluinus
1203 4367 1368 4430 interpreta-

141 4443 242 4500 tione
252 4454 340 4504 notuit
350 4457 376 4503 eo
387 4453 415 4502 ἐκ
427 4453 551 4503 Iudaeam
563 4455 635 4505 abo'o't.

212 4532 299 4589 Estne.
309 4547 382 4589 apocr.
392 4537 426 4578 cd.
435 4536 585 4578 'linchendort
605 4538 645 4578 Ed.
655 4538 683 4579 11.
1111 4540 1142 4590 18
