2962 4912
147 286 207 350 138
466 286 633 339 HISTORIA
653 287 805 339 losnrm.
833 287 910 343 ΟΑΡ.
927 290 1022 341 xxx1.

143 444 243 503 vetor
257 443 393 520 noster,
413 437 487 504 fata
502 437 667 503 Heuochi
684 446 720 504 et
733 438 851 520 Elias,
876 461 935 506 eos
952 441 1117 506 nimirum
1133 440 1223 506 nulli
1240 441 1347 507 obno-

143 540 220 606 xios
237 539 347 607 fuisse
363 541 477 606 morti.
500 539 687 606 Enimvero
701 541 820 606 sedem
836 530 997 609 incolunt
1011 545 1184 609 iustorum
1200 543 1348 628 inprae-

145 649 279 710 seutem
296 666 407 729 usque
425 644 527 725 diem,
545 664 660 728 neque
675 644 839 711 viderunt
854 667 1002 729 corpora
1017 667 1138 712 eorum
1152 646 1348 731 corruptio-

144 768 233 812 nem.
257 746 308 813 At
324 768 430 813 senex
446 746 506 813 ille
523 747 697 832 Iosephus
715 748 815 814 faber
830 749 1002 834 lignarius
1019 756 1095 815 erat
1110 755 1230 816 tamen
1245 755 1349 835 pater

144 858 225 918 tuus
248 850 438 918 secundum
461 872 610 918 carnem.
645 852 787 918 Iussisti
810 858 926 918 autem
947 859 987 919 ιιι
1008 859 1131 919 euntes
1153 873 1219 937 per
1233 857 1346 918 totum

144 955 308 1020 mundum
318 955 561 1038 praedicemus
573 961 733 1021 sanctum
744 958 968 1040 evangelium,
981 955 1158 1023 etdixisti:
1171 955 1346 1023 Nuntiate

143 1059 215 1124 illis
238 1059 367 1144 (etiam)
389 1065 535 1125 mortem
556 1060 667 1142 patris
688 1059 756 1124 mei
778 1057 938 1141 Iosephi‚
960 1064 996 1125 et
1015 1059 1144 1125 festum
1164 1060 1237 1144 ipsi
1254 1059 1348 1126 diem

142 1167 206 1248 (ac)
228 1181 365 1227 sacrum
389 1163 628 1227 anniversaria
653 1161 873 1228 solemnitate
897 1162 1083 1229 celebrate.
1123 1162 1347 1249 Quicumque

142 1286 221 1331 vero
233 1264 439 1329 diminuerit
452 1266 640 1349 quicquam
657 1265 699 1330 de
716 1264 782 1330 hoc
799 1286 958 1332 sermone
976 1267 1046 1332 sive
1063 1268 1117 1332 illi
1133 1266 1273 1350 aliquid
1290 1266 1394 1335 adm

142 1367 286 1451 diderit,
307 1368 368 1433 ille
391 1368 576 1453 delinquit.
622 1369 793 1435 Miramur
814 1370 936 1453 utique
957 1369 1171 1456 (Iosephum)
1193 1369 1280 1435 inde
1303 1368 1367 1435 ab=

141 1473 203 1537 illo
215 1472 271 1538 die
284 1494 352 1555 quo
369 1478 472 1538 natus
483 1472 817 1539 fuistiBethlehemi
834 1479 868 1538 te
879 1474 1110 1557 appellavisse
1121 1473 1234 1538 filium
1245 1493 1394 1559 suun-

142 1576 334 1641 secundum
350 1596 498 1642 caruem.
525 1577 640 1660 Quare
658 1578 768 1661 igitur
783 1598 872 1660 eum,
890 1598 1000 1660 aeque
1017 1598 1058 1643 ec
1073 1577 1127 1642 illi
1138 1575 1391 1662 (HenoohuQ

142 1684 178 1745 et
196 1678 308 1765 Elias)
332 1685 427 1760 sunt,
451 1701 520 1745 non
542 1679 728 1745 reddidisti
750 1678 1004 1746 immortalem?
1035 1686 1070 1745 et
1093 1686 1132 1745 tu
1153 1679 1245 1744 dicis
1270 1700 1372 1761 eum

140 1784 271 1849 iustum
287 1781 396 1849 fuisse
415 1789 450 1848 et
465 1783 625 1848 electum.

597 2003 719 2072 Garun
741 2002 886 2072 XXXI.

226 2163 426 2247 Respondit
449 2185 529 2229 vero
553 2168 707 2228 servator
728 2167 850 2227 noster
874 2167 910 2226 et
935 2160 1036 2226 dixit:
1066 2161 1244 2246 Equidem
1270 2184 1340 2246 pro·

139 2268 260 2353 phetia
274 2267 386 2352 patris
402 2267 471 2332 mei
488 2268 557 2333 iam
574 2271 813 2331 consummata
835 2271 889 2330 est
905 2287 1012 2348 super
1028 2262 1206 2329 Adamum
1230 2265 1274 2331 ob
1295 2267 1340 2334 in·

141 2371 378 2439 obedientiam
400 2372 486 2436 eius.
523 2369 572 2434 Et
594 2369 711 2434 omnia
725 2367 770 2433 ad
787 2374 910 2433 nutum
925 2368 1213 2452 voluntatemque
1230 2372 1339 2452 patris

139 2477 207 2541 mei
219 2476 464 2559 disponuntur.
491 2470 630 2557 Quippe
648 2474 677 2536 si
694 2471 796 2536 homo
807 2472 953 2537 missum
968 2471 1055 2537 facit
1070 2471 1275 2538 mandatnm
1286 2472 1340 2540 dei

141 2585 176 2644 et
197 2600 303 2662 opera
323 2583 479 2643 sectatur
495 2575 627 2641 diaboli
645 2575 894 2641 committendo
916 2581 1113 2658 peccatum,
1135 2574 1342 2657 producitur

140 2688 237 2749 aetas
260 2683 350 2747 eius:
375 2683 411 2745 in
433 2681 499 2746 hoc
516 2680 654 2745 scilicet
670 2681 788 2762 (vivus)
809 2685 965 2744 servatur
987 2684 1026 2743 ut
1045 2678 1136 2743 sorte
1159 2680 1342 2761 poeniten-

139 2786 225 2851 tiam
247 2791 342 2869 agat,
366 2790 401 2849 ct
416 2783 612 2866 perpendat
632 2803 668 2847 se
685 2781 894 2847 tradendum
916 2804 992 2847 esse
1015 2782 1051 2845 in
1067 2803 1191 2847 manus
1207 2785 1340 2849 mortis.

141 2886 277 2973 Quodsi
292 2888 400 2952 fuerit
417 2886 547 2970 aliquis
563 2886 734 2952 bonorum
751 2906 895 2969 operum
912 2885 1101 2966 studiosus,
1119 2891 1155 2950 et
1170 2885 1242 2968 ipsi
1252 2886 1340 2951 vitae

139 2997 348 3076 prorogatur
358 2991 519 3074 spatium,
531 2996 570 3055 ut
579 2990 1062 3056 increbrescentesenectutis
1071 2990 1147 3055 eius
1158 2989 1254 3055 fama
1264 3010 1342 3056 eum

138 3096 296 3162 homines
313 3094 414 3178 probi
430 3094 621 3159 imitentur.
646 3092 716 3159 Ubi
727 3113 807 3158 vero
824 3091 1000 3158 hominem
1017 3093 1224 3175 conspicitis
1242 3094 1342 3159 cuius

139 3200 275 3266 animus
295 3199 331 3263 iu
352 3199 438 3263 iram
459 3217 627 3281 praeceps
648 3201 716 3278 est,
739 3197 861 3280 utique
884 3195 959 3262 dics
983 3196 1059 3261 cius
1077 3194 1341 3264 abbreviantur:

138 3304 174 3369 hi
192 3303 284 3368 enim
301 3308 384 3368 sunt
399 3301 459 3385 qui
482 3301 518 3365 in
535 3300 661 3365 aetatis
679 3321 762 3366 suae
779 3300 863 3367 flore
880 3300 1099 3368 auferuntur.
1130 3297 1257 3366 Omnis
1279 3301 1343 3367 ita·

139 3427 206 3491 que
228 3406 414 3490 prophetia
435 3426 538 3488 quam
562 3406 802 3486 pronuntiavit
822 3411 922 3487 pater
942 3426 1039 3470 meus
1061 3402 1104 3471 de
1126 3402 1211 3468 filiis
1233 3403 1343 3470 homi·

140 3532 234 3589 num,
267 3510 303 3574 in
329 3508 487 3593 qualibet
511 3528 547 3572 re
572 3507 711 3590 impleri
737 3506 851 3573 debet.
899 3505 1001 3591 Quod
1026 3529 1105 3574 vero
1136 3508 1268 3574 attinet
1298 3508 1341 3576 ad

138 3612 347 3679 Henoohum
369 3618 405 3677 ct
418 3611 548 3691 Eliam,
571 3608 744 3694 quomodo
765 3611 802 3675 iu
824 3609 918 3675 hunc
934 3609 1026 3674 diem
1041 3610 1107 3674 vivi
1132 3610 1340 3695 subsistent,

139 3717 259 3784 eadem
285 3721 463 3782 servantes
489 3736 637 3798 corpora
658 3736 735 3780 cum
758 3713 885 3798 quibus
911 3713 984 3778 uati
1005 3713 1160 3796 fuerant,
1187 3719 1224 3780 et
1245 3715 1341 3798 quod

139 3826 273 3904 patrem
289 3841 403 3885 meum
419 3818 608 3904 Iosephum
626 3817 807 3883 concernit
824 3817 880 3881 cui
896 3837 965 3881 non
983 3837 1093 3899 aeque
1113 3837 1153 3881 ao
1168 3815 1243 3882 illis
1261 3838 1342 3882 con-

139 3927 219 4008 tigit
234 3925 270 3989 in
289 3944 432 4007 corpore
451 3944 513 3988 suo
529 3923 742 4006 permansio:
763 3920 926 4006 equidem
943 3920 1079 3986 etiamsi
1094 3920 1221 3984 vixerit
1236 3918 1340 3987 homo

139 4028 265 4092 multas
282 4048 452 4093 annorum
468 4025 641 4110 myriades
661 4025 698 4091 in
714 4026 857 4106 mundo,
879 4046 956 4089 cum
973 4030 1082 4089 morte
1099 4028 1217 4089 tamen
1233 4024 1354 4090 vitam

139 4130 328 4214 aliquando
352 4134 564 4196 commutare
586 4131 732 4215 cogitur.
767 4129 815 4193 nt
835 4128 913 4194 dico
932 4127 1045 4209 vobis,
1067 4148 1086 4192 c
1109 4126 1238 4192 fratres
1258 4128 1346 4208 mei,

140 4233 233 4318 quod
248 4237 410 4317 oporteat
423 4233 504 4299 illos
519 4235 615 4317 ipsos
632 4230 852 4316 (Henoohum
867 4231 1037 4314 etEliam)
1054 4229 1117 4295 sub
1134 4228 1240 4294 finem
1256 4235 1349 4295 tcm-

138 4357 261 4421 porum
277 4335 392 4401 redire
408 4337 445 4400 in
460 4334 628 4400 mundum
645 4339 680 4399 et
688 4333 760 4398 vita
768 4331 923 4417 defungi,
941 4334 976 4398 in
994 4333 1049 4399 die
1067 4333 1232 4399 nimirum
1249 4326 1341 4399 com·

138 4440 303 4510 motionis
318 4439 464 4509 terroris
484 4437 668 4524 angustiae
689 4439 725 4502 ct
744 4434 953 4502 afflictionis.
986 4434 1077 4503 Nam
1091 4432 1338 4503 Antichristus
