2962 4912
142 285 202 347 108
326 286 660 339 rabono-narraret
679 292 919 342 surbernon.
946 289 1024 339 CAP.
1044 285 1147 337 XXXX.

142 437 232 501 dum.
270 438 448 504 Timentes
470 446 586 504 autem
607 443 775 525 populum
794 441 923 524 Ioseph
945 445 981 504 et
995 437 1110 502 Maria
1131 441 1166 500 et
1187 433 1345 498 insolen-

140 542 224 605 tiam
248 542 447 625 principum
478 550 513 608 et
537 543 648 608 minas
675 546 908 625 sacerdotum,
938 542 1112 608 duxerunt
1139 539 1267 604 iterum
1297 534 1344 600 ad

141 643 310 724 scholam,
332 646 484 709 scientes
507 645 595 710 nihil
616 668 719 729 posse
741 648 783 713 ab
804 647 944 712 homine
965 644 1099 708 discere
1118 641 1178 725 qui
1200 661 1242 706 ex
1265 637 1343 703 solo

141 747 205 813 deo
223 748 415 830 perfectam
430 747 576 812 haberet
592 749 785 815 scientiam.
817 750 828 783 ²
847 747 932 814 Cum
950 752 1065 811 autem
1082 743 1184 808 Iesus
1200 740 1345 806 introis·

141 857 195 916 set
217 850 385 930 scholam,
412 849 537 914 duetus
563 851 688 933 spiritu
715 857 835 917 sancto
862 850 999 932 accepit
1019 847 1148 912 librum
1169 845 1212 909 de
1236 864 1342 909 manu

141 953 310 1017 didascali
322 953 481 1018 docentis
498 953 619 1036 legem,
638 961 673 1019 et
683 961 807 1020 cuncto
825 953 955 1037 populo
966 950 1104 1016 vidente
1121 955 1157 1016 et
1172 947 1342 1014 audiente

141 1058 257 1140 coepit
273 1055 406 1138 legere,
429 1078 498 1121 non
516 1056 656 1138 quidem
674 1078 763 1141 quae
781 1057 911 1139 scripta
928 1043 1028 1119 erant
1046 1053 1082 1116 in
1099 1051 1189 1117 libro
1208 1071 1341 1131 eorum,

140 1159 200 1224 sed
224 1159 260 1222 in
283 1159 410 1242 spiritu
432 1157 488 1222 (lei
510 1159 576 1222 vivi
596 1159 821 1242 loquebatur,
844 1164 1009 1240 tanquam
1031 1155 1060 1220 si
1084 1155 1125 1219 de
1150 1154 1341 1219 fontevivo

141 1269 277 1327 torrens
294 1282 406 1344 aquae
424 1262 650 1345 egrederetur
666 1268 701 1327 et
716 1262 794 1327 fons
811 1262 938 1344 plenus
955 1279 1092 1341 semper
1107 1262 1341 1341 permaneret.

139 1365 186 1429 Et
202 1365 252 1430 ita
267 1365 303 1428 in
319 1366 446 1430 virtute
465 1364 613 1430 docebat
628 1365 795 1449 populum
812 1365 986 1448 magnalia
997 1363 1139 1444 deiviri,
1157 1370 1197 1426 ut
1214 1368 1249 1427 et
1264 1363 1341 1445 ipse

140 1470 306 1553 magister
316 1469 457 1533 caderet
472 1471 508 1532 in
519 1475 646 1533 terram
664 1475 698 1533 et
714 1468 877 1534 adoraret
887 1489 974 1534 eum.
1000 1465 1195 1532 Oorautem
1206 1464 1342 1549 populi,

140 1574 199 1656 qui
216 1570 431 1637 consedebat
447 1577 481 1635 et
497 1573 658 1637 audierat
674 1592 752 1636 eum
768 1572 855 1636 talia
870 1570 1059 1652 dicentem,
1080 1590 1216 1636 versum
1234 1567 1344 1632 estin

139 1682 326 1760 stuporem.
345 1674 447 1759 Quod
458 1697 536 1740 oum
547 1676 854 1759 audissetIoseph,
867 1675 1038 1741 currendo
1049 1676 1145 1739 venit
1154 1674 1198 1739 ad
1210 1673 1343 1753 Iesum,

139 1782 265 1845 timens
283 1801 325 1844 ne
342 1780 417 1862 ipse
435 1778 634 1843 didascalus
651 1785 854 1844 moreretur.
887 1777 963 1862 Quo
980 1779 1053 1842 viso
1070 1777 1236 1860 magister
1252 1777 1345 1840 dixit

141 1884 186 1948 ei:
219 1882 271 1947 Tu
293 1904 362 1948 non
384 1881 514 1948 dedisti
535 1880 619 1945 mihi
640 1881 852 1966 discipulum
874 1882 936 1946 sed
956 1883 1176 1964 magistrum:
1203 1887 1239 1945 et
1261 1881 1344 1962 quis

140 1986 457 2070 potestverbaeius
470 1984 668 2052 sustinere?
690 1985 1030 2068 Tuncadimpletum
1041 1991 1094 2052 est
1104 1983 1346 2067 quoddictnm

141 2096 195 2154 est
214 2110 278 2173 per
293 2089 523 2172 psalmistam:
554 2091 703 2155 Flumen
720 2091 776 2155 dei
799 2091 971 2174 repletum
994 2098 1047 2155 est
1068 2111 1168 2174 aqua.
1199 2088 1347 2154 Parasti

141 2192 255 2256 cibum
275 2192 425 2271 illorum,
443 2192 526 2275 quia
542 2192 592 2256 ita
609 2200 662 2258 est
677 2194 898 2277 praeparatio
916 2194 1002 2261 eius.

583 2448 703 2514 Gerar
726 2448 891 2514 XXXX.

223 2620 310 2685 Post
334 2619 420 2684 haee
446 2621 605 2704 migravit
631 2621 762 2704 Ioseph
788 2621 869 2686 inde
899 2642 974 2685 eum
995 2619 1110 2685 Maria
1136 2626 1170 2684 et
1191 2617 1277 2683 Iesu
1306 2623 1349 2682 ut

137 2724 297 2787 venirent
315 2722 351 2786 in
372 2721 616 2807 Oaplrarnaum
636 2725 858 2806 maritimam,
883 2731 1027 2808 propter
1045 2723 1213 2788 malitiam
1233 2721 1348 2786 homi-

139 2847 220 2888 num
243 2824 311 2889 sibi
334 2824 602 2889 aclversantium.
636 2825 684 2890 Et
705 2846 781 2889 cum
802 2825 979 2891 habitaret
1003 2825 1105 2891 Iesus
1127 2826 1163 2890 in
1186 2823 1348 2908 Caphar·

139 2950 259 3007 naum,
287 2933 362 2992 erat
386 2928 421 2991 in
448 2928 587 2993 civitate
614 2928 755 3011 quidam
780 2929 882 2994 homo
908 2930 1047 2995 nomine
1070 2928 1215 3011 Ioseph,
1244 2928 1345 2994 dives

138 3029 248 3095 valde.
282 3028 351 3095 Sed
373 3029 576 3095 infirmitate
594 3053 656 3097 sua
673 3031 838 3097 deficiens
861 3039 1018 3098 mortuus
1039 3038 1107 3112 est,
1130 3039 1166 3097 et
1181 3037 1345 3097 mortuus

140 3132 174 3196 in
187 3132 332 3214 grabato
350 3132 496 3197 iacebat.
523 3130 609 3197 Cum
626 3139 741 3199 autem
758 3134 1027 3200 audissetIesus
1045 3135 1232 3199 incivitate
1245 3134 1345 3217 plan-

139 3241 261 3316 gentes
279 3240 314 3299 et
328 3233 452 3299 flentes
469 3240 504 3299 et
519 3235 696 3301 ululantes
713 3257 818 3319 super
833 3243 1017 3318 mortuum,
1036 3236 1124 3301 dixit
1139 3235 1182 3301 ad
1193 3236 1342 3321 Ioseph:

140 3335 255 3420 Quare
272 3336 364 3416 huie,
381 3359 456 3402 cum
474 3338 613 3404 nomine
630 3346 690 3405 tuo
707 3346 859 3421 vocetur,
882 3345 962 3405 tuae
980 3341 1113 3424 gratiae
1130 3339 1342 3405 beneficium

139 3462 208 3505 non
225 3438 408 3522 praestas?
442 3438 507 3506 Cui
524 3442 707 3525 respondit
722 3442 867 3526 Ioseph:
901 3442 998 3526 erae
1021 3450 1074 3508 est
1089 3449 1248 3525 potestas
1264 3464 1342 3509 mea

207 3653 229 3698 2.
249 3649 289 3698 Ad
308 3651 420 3698 alteram
441 3649 538 3713 cepitis
557 3654 661 3713 partem
679 3652 714 3698 cf.
733 3666 801 3715 queo
820 3651 854 3699 ed
873 3661 956 3716 ceput
968 3651 1061 3700 xxxl.
1082 3665 1142 3702 exn
1157 3658 1254 3703 notate
1267 3661 1340 3703 sunt.

207 3736 341 3783 undarat:
355 3735 394 3783 ite
407 3750 439 3784 ex
452 3735 641 3784 emendatione
654 3738 683 3785 in
697 3737 789 3786 codice
802 3738 904 3802 legitur
917 3753 963 3801 pro
977 3738 1104 3787 audiebat.

207 3820 331 3869 Codicem
343 3832 362 3868 n
376 3825 497 3884 praestet
516 3836 575 3870 eum
595 3821 633 3870 eis
646 3835 806 3885 componere
817 3838 887 3886 quae
904 3825 1073 3887 evangelium
1087 3829 1207 3874 nostrum
1221 3823 1340 3874 ‘l'homae

137 3908 264 3956 Latinum
277 3907 367 3969 capite
380 3905 454 3954 x111.
467 3907 587 3970 praebet.

206 3991 307 4040 xxxX.
327 3990 400 4049 Quae
419 4007 477 4041 cum
497 3992 546 4041 hoe
565 3993 655 4056 capite
674 3991 775 4042 codicis
794 4007 810 4041 Δ
828 3995 995 4043 conveniunt
1012 3994 1039 4042 in
1059 4008 1078 4043 n
1094 3993 1201 4052 codice,
1223 3995 1295 4045 huno
1312 3995 1341 4046 in

137 4077 243 4127 modum
257 4085 410 4140 comparata
424 4086 500 4127 sunt:

208 4163 266 4211 Cum
277 4163 406 4211 habitaret
419 4162 619 4224 (desiderantur
631 4164 715 4229 igitur
727 4178 795 4227 quse
813 4165 846 4214 ab
860 4165 939 4213 initio
955 4165 1093 4229 leguntur)
1106 4167 1255 4230 quandoque
1268 4167 1343 4217 Iesse

138 4265 191 4297 cum
205 4249 357 4312 parentibus
374 4249 427 4296 auia
445 4249 471 4296 in
486 4248 678 4312 Capharnaum,
697 4254 756 4299 erat
774 4250 800 4298 iu
813 4251 917 4299 civitate
930 4251 1032 4314 paridam
1044 4252 1115 4300 Ιιοηιο
1127 4254 1225 4301 nomiae
1238 4252 1342 4316 Ioseph,

137 4335 207 4382 ,lieet
219 4334 302 4390 caure,
315 4334 358 4396 qai
370 4335 396 4382 iu
408 4334 557 4399 infirmitate
569 4351 616 4384 aaa
629 4335 723 4396 (codex
737 4339 814 4384 dates
827 4336 924 4384 omisso
937 4334 995 4397 aaa)
1008 4335 1128 4401 dejiciens
1139 4342 1253 4386 ruortaua
1264 4343 1304 4386 ert
1317 4344 1343 4388 et

138 4422 164 4467 iu
173 4419 285 4482 probato
298 4420 404 4469 iacebat.
430 4419 488 4468 Cam
507 4420 620 4470 audieret
631 4420 683 4471 Iee.
700 4421 726 4468 in
739 4444 748 4456 ·
763 4419 809 4468 eui
821 4420 913 4485 Ioseph
926 4422 979 4469 ait:
1008 4420 1078 4482 Quae
1095 4423 1155 4470 midi
1168 4427 1287 4484 potatae
1303 4429 1343 4474 est
