2962 4912
146 275 186 337 76
349 278 682 329 Pseudo-urrunnu
700 277 944 328 avuncunlum,
972 276 1048 328 CAP.
1068 277 1145 328 XIII.

621 528 741 595 Ostur
764 529 872 594 XIII.

232 701 401 766 ‘Factum
418 708 472 766 est
487 707 602 765 autem
619 710 700 784 post
716 702 935 784 aliquantum
952 708 1089 785 tempus
1106 708 1145 765 ut
1160 700 1261 767 fieret
1272 722 1355 784 pro·

145 804 253 868 fessio
272 825 313 867 ex
332 803 448 868 edicto
461 802 622 868 Caesaris
633 802 798 887 Augusti,
816 804 1090 888 utprofiteretur
1105 805 1352 887 unusquisque

144 907 181 971 in
197 907 313 989 patria
329 926 401 970 sua.
432 906 532 971 Haec
551 907 725 989 professio
747 907 841 972 facta
858 913 911 972 est
931 930 952 973 a
967 906 1129 991 praeside
1147 905 1268 990 Syriae
1287 904 1355 989 Cy·

144 1011 233 1073 rinc.
263 1008 419 1073 Necesse
442 1016 559 1074 autem
581 1009 697 1074 suerat
719 1015 758 1074 ut
774 1010 903 1093 Ioseph
922 1031 999 1076 cum
1014 1009 1131 1074 Maria
1151 1009 1355 1092 proficisce-

144 1118 242 1177 retur
257 1111 499 1193 inBethleem,
518 1115 601 1196 quia
621 1113 745 1178 exinde
764 1121 848 1195 erat,
868 1119 902 1179 et
912 1112 1028 1178 Maria
1044 1112 1087 1178 de
1099 1112 1193 1178 tribu
1205 1112 1297 1177 Iuda
1315 1116 1352 1176 et

145 1215 187 1279 de
210 1215 310 1279 domo
333 1236 373 1279 ac
394 1216 509 1298 patria
528 1215 653 1280 David.
690 1215 776 1281 Cum
802 1238 884 1301 ergo
906 1216 1036 1299 Ioseph
1063 1222 1098 1280 et
1120 1215 1235 1280 Maria
1257 1216 1354 1279 irent

142 1338 206 1401 per
221 1318 310 1382 viam
327 1339 416 1401 quae
433 1317 532 1382 ducit
547 1318 747 1401 Bethleem,
772 1319 860 1383 dixit
875 1319 990 1384 Maria
1011 1318 1056 1383 ad
1071 1317 1216 1402 Ioseph:
1247 1317 1352 1382 Duos

142 1420 292 1504 populos
313 1420 414 1485 video
439 1426 519 1485 ante
542 1443 612 1502 me,
639 1444 746 1486 unum
768 1421 909 1487 flentem
938 1429 972 1486 et
997 1421 1104 1486 alium
1127 1421 1353 1503 gaudentem,

144 1521 210 1587 Cui
230 1523 414 1606 respondit
429 1523 574 1607 Ioseph:
608 1522 698 1589 Sede
717 1531 752 1589 et
767 1531 849 1590 tene
866 1532 900 1590 te
918 1526 955 1589 in
971 1525 1127 1590 iumento
1145 1531 1205 1588 tuo
1224 1528 1259 1588 et
1275 1521 1353 1587 noli

143 1625 320 1708 superflua
329 1627 434 1691 verba
446 1626 554 1709 loqui.
579 1626 679 1692 Tunc
695 1628 859 1710 apparuit
873 1648 963 1711 puer
979 1628 1160 1710 speciosus
1177 1632 1259 1691 aute
1278 1645 1352 1706 eos,

141 1728 288 1793 indutus
298 1735 393 1794 veste
406 1728 602 1811 splendida,
614 1730 748 1794 etdixit
759 1729 803 1794 ad
814 1729 958 1813 Ioseph:
985 1728 1101 1812 Quare
1113 1729 1234 1794 dixisti
1244 1727 1354 1794 verba

143 1830 320 1915 superflua
336 1852 412 1896 esse
431 1830 474 1895 de
492 1830 629 1895 duobus
645 1832 787 1915 populis
804 1831 846 1896 de
865 1831 993 1914 quibus
1010 1832 1130 1898 locuta
1146 1827 1354 1897 estMaria?

140 1933 316 2017 Populum
338 1934 430 2000 enim
446 1934 658 1999 Iudaeorum
679 1933 820 1998 flentem
839 1935 940 2016 vidit,
964 1935 1046 2018 quia
1067 1935 1214 2000 recessit
1238 1956 1260 1999 a
1283 1932 1352 1998 deo

142 2059 216 2119 suo,
240 2043 274 2102 et
294 2038 462 2121 populum
483 2037 640 2121 gentium
659 2036 882 2120 gaudentem,
907 2038 990 2120 quia
1010 2037 1160 2101 accessit
1182 2041 1218 2100 et
1236 2054 1352 2118 prope

142 2140 257 2205 factus
283 2147 337 2205 est
366 2140 409 2205 ad
436 2139 629 2220 dominum,
661 2140 853 2205 secundum
879 2140 972 2224 quod
997 2141 1160 2223 promisit
1185 2137 1352 2222 patribus

142 2242 272 2307 nostris
288 2240 482 2323 Abraham,
505 2242 607 2308 Isaac
624 2249 659 2306 et
675 2242 798 2322 Iacob3
822 2248 959 2325 tempus
983 2243 1075 2307 enim
1097 2241 1239 2306 advenit
1256 2240 1351 2305 utin

142 2346 273 2410 semine
290 2343 456 2410 Abrahae
473 2344 675 2410 benedictio
693 2346 855 2410 omnibus
876 2344 1041 2428 gentibus
1058 2344 1245 2408 tribuatur.

228 2447 303 2512 'Et
323 2468 399 2512 cum
422 2447 508 2512 haec
530 2447 694 2529 dixisset,
720 2448 825 2512 iussit
850 2447 995 2531 angelus
1022 2454 1114 2511 stare
1140 2447 1351 2527 iumentum,

142 2552 224 2632 quia
246 2556 383 2632 tempus
405 2550 594 2615 advenerat
613 2551 789 2634 pariendi;
811 2555 846 2616 et
867 2550 1048 2634 praecepit
1069 2548 1286 2614 descendere
1305 2549 1350 2614 de

210 2793 285 2849 xiil,
306 2796 329 2842 1.
355 2799 453 2857 tenpus
464 2800 496 2845 ut
507 2807 575 2852 ηας
592 2809 629 2844 na
642 2795 762 2858 torporis
776 2792 779 2860 Ι
794 2795 907 2859 utfleret
918 2798 949 2843 ut
962 2805 1050 2852 auom
1067 2807 1083 2842 a
1095 2799 1125 2842 ut
1128 2796 1210 2858 saeta
1221 2799 1288 2844 erret
1299 2793 1304 2858 Ι
1321 2799 1352 2844 et

135 2880 305 2944 profiteretur
322 2888 353 2927 us
364 2893 434 2938 anm
452 2893 468 2928 o
485 2884 513 2928 st
521 2880 744 2945 proficisceretur,
763 2894 779 2929 n
792 2884 820 2928 ut
828 2883 993 2943 properaret.
1017 2879 1160 2929 Praeterea
1173 2892 1209 2927 AB
1222 2879 1278 2929 edd
1290 2880 1347 2928 usi·

138 2980 226 3013 cum
238 2966 314 3023 orbis,
328 2980 382 3013 non
397 2967 462 3013 item
474 2977 528 3013 cnr
542 2961 546 3028 Ι
560 2966 587 3012 in
597 2966 689 3028 patria
700 2981 748 3013 sua
760 2970 791 3013 ut
804 2979 836 3023 ⁴3
854 2976 889 3013 cn
902 2965 929 3012 in
937 2965 1055 3027 patrium
1067 2981 1147 3022 mm,
1165 2978 1180 3012 a
1193 2965 1228 3013 ad
1237 2981 1284 3028 pc.
1297 2980 1348 3023 u..

139 3061 156 3097 a
169 3050 195 3097 iu
204 3051 364 3113 marineium
373 3066 444 3098 mom
458 3046 462 3114 Ι
468 3051 549 3114 sacta
561 3054 613 3099 eet:
625 3062 641 3099 o
650 3051 787 3114 primasa.
800 3055 846 3107 eet,
860 3065 877 3099 ι)
888 3052 1006 3114 primos.
1018 3066 1049 3106 e.‚
1062 3050 1112 3113 ns.
1125 3066 1146 3099 e.
1157 3052 1250 3113 primo.
1277 3049 1349 3099 Item

138 3149 155 3183 Β
165 3134 315 3200 Haecsact.
328 3141 366 3185 eet
371 3138 444 3202 pros.
451 3136 538 3199 prima
550 3132 554 3200 Ι
570 3154 587 3184 α
593 3137 715 3199 praecede
724 3148 755 3185 ut
765 3148 833 3194 nom
848 3149 882 3184 na
891 3137 936 3184 rub
943 3152 986 3199 pr.
1001 3135 1004 3198 Ι
1019 3149 1055 3184 na
1067 3135 1154 3184 Cirtae
1166 3135 1169 3201 Ι
1186 3135 1249 3185 Nee.
1263 3139 1350 3184 autom

129 3222 226 3285 suerat
237 3228 268 3270 ut
281 3234 331 3281 cn,
351 3235 367 3269 Β
380 3221 468 3285 etfacit
479 3238 541 3279 nec,
554 3235 590 3270 an
596 3223 655 3285 suit
667 3238 727 3285 erqo
739 3238 792 3270 uec.
805 3221 809 3282 Ι
825 3233 840 3270 0
853 3225 882 3270 et
893 3225 919 3270 et
930 3222 983 3270 Icr.
997 3219 1001 3286 Ι
1016 3234 1032 3269 rr
1045 3237 1067 3268 o.
1080 3220 1151 3269 Μαν.
1161 3223 1255 3286 profic.
1267 3222 1349 3270 nem

139 3306 214 3362 leons,⁸
229 3320 246 3355 Δ
255 3307 426 3372 profiteretur
437 3323 492 3354 eruo
503 3306 579 3354 beata
592 3307 683 3356 neam
695 3309 721 3355 iu
733 3309 780 3356 Be.
792 3302 796 3370 Ι
815 3308 921 3357 Maria.-
938 3319 955 3354 Β
968 3305 1022 3355 edd
1034 3307 1139 3370 coniuge
1150 3323 1198 3356 eea
1211 3306 1215 3371 Ι
1230 3308 1293 3370 quia
1304 3322 1347 3354 ee·

138 3393 197 3441 iude
209 3392 257 3453 (an
268 3392 337 3454 iude)
349 3397 407 3441 erat
420 3393 468 3455 (aa
477 3392 531 3441 edd
541 3392 644 3457 Ioseph)
657 3417 666 3430 ·
680 3410 712 3441 ac
720 3395 814 3457 patria
825 3393 873 3454 (ns
886 3397 912 3441 et
915 3391 1036 3456 familia)
1049 3393 1102 3440 Da.
1112 3398 1144 3441 ut
1153 3404 1203 3450 ους
1218 3394 1284 3442 item
1295 3405 1347 3453 ης

138 3491 154 3526 a
164 3493 227 3527 vero
237 3480 298 3542 quia
309 3479 341 3526 de
352 3479 422 3527 tribe
430 3478 499 3526 Iuda
507 3482 591 3535 nont,
603 3479 635 3527 de
644 3478 716 3527 domo
728 3483 754 3527 et
762 3479 855 3542 patria
863 3478 916 3526 Da.
929 3473 933 3541 Ι
949 3478 1000 3525 Ios.
1014 3482 1040 3527 et
1052 3477 1099 3539 (ΑΒ
1109 3478 1162 3527 add
1173 3477 1261 3539 beuta)
1273 3479 1347 3528 near.

137 3570 169 3612 nt
181 3575 244 3622 orn,
260 3578 277 3612 r
290 3580 341 3613 om.
365 3577 384 3613 n
397 3577 440 3612 orn
452 3580 506 3611 eum
519 3563 575 3612 Μα.
585 3563 715 3628 profic-tec.
728 3564 755 3611 in
767 3563 862 3620 notul„
876 3564 941 3612 item
956 3564 1016 3611 Cam
1027 3578 1088 3625 cryc
1100 3562 1140 3612 Io.
1152 3567 1178 3611 et
1190 3563 1247 3612 Μα.
1272 3564 1346 3614 Ηίιια

138 3654 248 3714 postea:
267 3650 346 3698 Deir
356 3654 440 3698 auum
454 3646 458 3714 Ι
472 3650 557 3697 decit:
576 3647 658 3697 cedd
670 3650 706 3707 in,
719 3661 738 3696 u
752 3649 786 3697 ad
800 3647 803 3713 Ι
819 3660 833 3697 o
847 3664 913 3711 νεαρ.
928 3649 979 3698 Ion.
998 3653 1024 3696 et
1035 3649 1103 3696 discit
1116 3647 1120 3713 Ι
1134 3649 1193 3697 rede
1209 3653 1235 3698 et
1247 3654 1304 3698 teu
1322 3657 1347 3702 u

139 3741 183 3786 etc
194 3743 226 3786 ut
239 3748 289 3795 ους
309 3749 324 3783 n
337 3736 395 3784 rede
407 3740 432 3784 et
444 3736 652 3792 miserentem,
665 3748 700 3783 rs
713 3736 772 3785 rede
789 3737 816 3784 in
834 3736 943 3784 iumento
955 3740 998 3785 teo
1012 3734 1016 3801 Ι
1027 3752 1109 3800 puer.-
1127 3748 1145 3784 Δ
1158 3736 1212 3786 add
1225 3739 1345 3801 quidm

138 3834 155 3869 n
169 3825 228 3870 tunc
239 3838 299 3886 app.
317 3822 341 3869 αἱ
358 3820 464 3884 anqelue
474 3821 583 3880 domini,
602 3823 705 3870 indutus
719 3819 723 3887 Ι
738 3834 773 3869 nu
792 3821 845 3870 ind.
857 3825 925 3870 seete
937 3822 1064 3878 candido,
1082 3823 1125 3885 qui
1137 3823 1205 3871 divit
1219 3821 1223 3888 Ι
1238 3825 1344 3889 esperfl.

138 3924 191 3957 em
203 3907 232 3969 (ι
243 3923 296 3956 em
308 3905 392 3970 mp.):
409 3920 424 3956 o
438 3921 481 3956 om
493 3922 546 3956 eree
564 3905 568 3972 Ι
588 3909 619 3956 de
631 3908 720 3972 quibes
732 3911 776 3957 etc
794 3912 826 3957 ut
837 3920 910 3966 num
929 3919 945 3956 o
958 3923 1023 3970 quoe
1039 3908 1137 3957 mista·
1148 3909 1273 3958 dicentem
1285 3911 1344 3959 Μα-

138 3995 219 4051 dm,
238 3993 334 4057 aquod
345 3994 443 4042 aedisti
457 3991 460 4057 Ι
475 4006 491 4040 r
504 3993 571 4041 Nam
583 3989 723 4058 populeus!
739 3993 801 4057 quia
812 3992 861 4055 (aa
874 3993 927 4057 qui)
940 4009 992 4042 ree.
1009 4011 1028 4042 α
1044 3994 1092 4044 deo
1109 4010 1154 4043 cuc
1168 3994 1196 4056 (r
1209 4011 1253 4045 om
1265 3996 1325 4059 m)
1339 3996 1344 4064 Ι

135 4080 301 4143 candentem:
314 4093 330 4127 n
343 4080 396 4129 add
407 4081 514 4144 reepr‘eit
526 4077 530 4145 Ι
546 4081 621 4144 qm‘c:
634 4092 669 4127 ιιι
682 4080 726 4144 qui
737 4081 789 4129 iem
801 4077 805 4145 Ι
821 4086 846 4130 ed
854 4083 1008 4146 propsact.
1021 4085 1060 4130 est
1071 4082 1106 4129 ad
1118 4083 1183 4130 dom.
1195 4089 1228 4131 ut
1241 4097 1293 4143 cn3
1308 4096 1344 4133 nu

137 4171 164 4217 et
171 4182 248 4230 prop.
261 4166 389 4215 adomim
393 4166 438 4229 sa.
451 4169 504 4221 m,-
517 4179 532 4214 r
546 4167 580 4213 ad
592 4166 657 4214 dom.
672 4163 822 4229 lpmmieit:
838 4179 855 4214 n
868 4166 922 4215 edd
934 4167 996 4215 ὼν
1010 4163 1014 4230 Ι
1027 4169 1137 4217 metris.-
1149 4182 1168 4217 n
1180 4172 1275 4219 vestm
1289 4168 1293 4236 Ι
1309 4184 1345 4219 n

138 4253 254 4303 Abram

207 4341 232 4388 2.
251 4337 358 4401 σημαῖαι
366 4336 582 4399 (Βιᾱάὼηιίαθε
592 4351 657 4386 nom
670 4334 673 4402 Ι
685 4336 917 4402 quie(1>edds'om)
928 4344 1002 4402 καφ.
1012 4340 1070 4388 ado.
1077 4355 1139 4403 par.
1151 4340 1346 4407 (asponae.)

138 4427 170 4474 ut
182 4435 270 4484 suom
289 4435 306 4472 rs
318 4438 360 4471 orn
375 4421 379 4486 Ι
393 4427 419 4472 et
426 4439 471 4486 pr.
485 4447 494 4460 ·
506 4422 696 4473 subterraneam
713 4429 744 4473 nt
757 4436 807 4484 ους
824 4424 889 4475 item
902 4437 919 4473 r
930 4428 956 4474 et
964 4440 1008 4487 pr.
1020 4425 1087 4474 decc.
1101 4425 1172 4475 Mar.
1184 4427 1217 4477 de
1229 4429 1308 4478 aum
1322 4435 1348 4481 et
