3000 4912
337 313 568 366 ammomum
587 315 778 366 INFAN'I'IAE
796 312 990 369 sitonicum.
1018 314 1074 367 tv,
1242 314 1306 377 209

103 465 244 550 quando
258 472 359 548 pater
374 464 514 548 publice
532 486 610 529 eum
626 464 670 529 ad
681 464 866 530 Iordanem
878 464 1068 530 declaravit
1083 464 1148 530 hac
1160 465 1306 531 caelitus

103 590 186 635 voce
204 569 369 634 demissa:
400 567 471 633 Hic
490 575 543 633 est
559 568 652 633 filius
669 589 766 634 meus
784 569 946 649 dilectus,
964 569 1000 632 in
1019 589 1087 650 quo
1104 569 1289 650 acquiesco
1299 570 1312 650 ;'

103 677 290 756 praesente
308 673 433 756 spiritu
452 679 571 737 sancto
589 673 624 737 in
642 671 753 738 forma
768 671 949 738 columbae
968 671 1148 737 candidae.

596 910 716 977 Carur
738 910 812 979 LV.

191 1082 261 1148 Hic
283 1089 336 1148 est
356 1104 458 1166 quem
481 1083 657 1166 supplices
683 1082 883 1165 adoramus,
910 1082 969 1167 qui
992 1077 1180 1148 essentiam
1203 1084 1305 1149 nobis

103 1191 141 1252 et
155 1187 260 1252 vitam
277 1185 375 1253 dedit
391 1194 425 1252 et
445 1208 486 1252 ex
501 1188 611 1253 uteris
627 1192 776 1253 matrum
792 1193 989 1252 nostrarum
1007 1206 1070 1251 nos
1089 1185 1222 1267 eduxit,
1246 1187 1305 1270 qui

103 1309 232 1373 corpus
257 1290 445 1355 humanum
469 1298 612 1374 propter
636 1312 699 1355 nos
725 1290 889 1355 assumsit
914 1310 1049 1372 nosque
1076 1289 1238 1369 redemit,
1269 1296 1307 1354 ut

103 1392 399 1475 complecteretur
415 1414 476 1458 nos
494 1401 635 1458 aeterna
653 1394 901 1475 misericordia,
920 1403 954 1459 et
972 1393 1191 1458 clementiam
1209 1414 1306 1458 suam

104 1517 148 1560 ex
163 1495 375 1561 liberalitate
398 1503 432 1561 et
448 1497 681 1562 beneficentia
703 1504 737 1561 et
754 1498 988 1580 generositate
1012 1503 1047 1561 et
1061 1495 1307 1562 benevolentia

104 1596 208 1662 nobis
225 1598 415 1663 exhiberet.
452 1597 528 1681 Ipsi
545 1604 599 1663 cst
614 1599 727 1682 gloria
743 1608 778 1664 et
796 1599 1030 1665 beneficentia
1047 1607 1082 1666 et
1097 1599 1255 1683 potentia
1271 1605 1307 1663 et

104 1700 288 1784 imperium
304 1701 347 1767 ab
364 1701 428 1767 hoc
445 1708 598 1787 tempore
615 1705 651 1768 in
669 1705 881 1788 sempiterna
898 1704 1050 1770 saecula.
1080 1701 1204 1770 Amen.

234 1805 424 1888 Explicit
444 1827 717 1872 avrroamtrm
738 1828 968 1871 irrorares
991 1815 1122 1873 totum
1143 1806 1304 1871 auxilio

236 1907 302 1972 dei
331 1911 526 1992 supremi,
555 1910 781 1976 secundum
811 1931 981 1994 eaquae
1007 1911 1047 1975 in
1075 1910 1303 1994 archetypo

236 2031 476 2077 invemmus.

174 2219 231 2269 Lv.
250 2223 293 2286 qui
304 2225 451 2273 essentiam.-
463 2224 502 2273 ita
515 2224 553 2271 Ill.
566 2239 614 2289 pro
628 2226 743 2287 quoniam
757 2225 890 2273 essentiam

173 2307 232 2371 Ipsi
244 2311 282 2356 ert
289 2307 378 2371 gloria
390 2313 415 2357 et
426 2309 601 2375 beneficentia:
620 2310 659 2358 ita
673 2310 711 2358 1²1.
725 2326 773 2373 pro
785 2311 842 2372 Ipsi
854 2311 888 2358 rit
897 2309 985 2372 ylario
998 2312 1023 2358 et
1035 2307 1094 2357 laur

154 4543 243 4594 livens.
254 4556 330 4596 apocr.
340 4547 375 4586 ed.
386 4546 544 4587 Tisohcndors.
570 4547 609 4585 Ed.
621 4546 647 4586 ll.
