3000 4912
149 318 210 381 126
427 317 595 369 HISTORIA
615 317 770 369 lossPffl.
797 317 873 368 ΟΔΡ.
892 315 924 366 X.
942 315 989 365 11.
1007 314 1068 364 ¹11.

147 490 288 534 suarum
300 489 404 552 opere
416 470 520 533 vitam
533 469 716 534 sustinuit:
733 488 848 550 neque
860 467 951 531 enim
962 465 1078 530 alieno
1090 464 1210 530 labore
1221 463 1350 527 victum

147 573 256 656 gratis
280 570 472 654 quaerebat
493 593 661 654 unquam,
685 569 975 655 quemadmodum
997 567 1102 652 (olim)
1122 571 1352 650 praeceperat

146 675 203 740 lex
219 674 342 740 Musis.

652 842 773 910 Garun
796 842 843 907 X.

232 1015 389 1081 Tandem
405 1015 685 1082 increscentibus
702 1015 804 1080 annis
814 1020 997 1098 provectae
1014 1012 1141 1079 aetatis
1153 1031 1260 1077 senex
1277 1030 1353 1076 eva·

148 1122 203 1186 sit.
248 1119 358 1186 Nulla
379 1127 495 1184 tamen
518 1119 673 1202 corporis
696 1118 868 1183 laboravit
887 1115 1105 1197 infirmitate,
1132 1135 1197 1179 nec
1219 1112 1354 1178 defecit

146 1225 240 1289 visus
258 1243 371 1306 neque
389 1222 482 1286 ullus
500 1221 541 1285 de
560 1243 618 1286 ore
642 1223 717 1287 eius
735 1222 821 1287 dens
837 1221 958 1304 periit;
981 1225 1096 1284 mente
1115 1238 1254 1301 quoque
1274 1223 1350 1282 toto

147 1328 274 1391 aetatis
291 1333 446 1409 tempore
464 1346 652 1408 numquam
669 1325 845 1391 deliravit:
869 1323 931 1388 sed
949 1323 1073 1388 similis
1092 1343 1201 1405 puero
1218 1321 1353 1385 iuveni-

147 1430 216 1494 lem
233 1449 370 1512 semper
385 1430 421 1493 in
432 1429 584 1511 negotiis
601 1428 837 1511 suisvigorem
853 1427 1041 1509 praestitit,
1059 1423 1258 1489 etmembra
1274 1425 1352 1488 eius

148 1534 286 1616 integra
307 1537 577 1614 permanserunt
602 1532 791 1616 omni(que)
814 1530 934 1596 dolore
955 1551 1073 1595 vacua.
1119 1527 1209 1595 Tota
1233 1533 1353 1594 autem

149 1636 224 1700 eius
240 1636 312 1699 rita
328 1640 468 1699 centum
484 1633 669 1699 constabat
689 1640 725 1699 et
740 1633 903 1699 undecim
920 1634 1037 1715 annis,
1059 1632 1231 1716 producta
1247 1652 1353 1715 quam

150 1737 347 1802 diutissime
364 1737 476 1821 ipsius
494 1743 688 1803 senectute.
1026 1750 1029 1756 '

644 1955 764 2024 Garun
787 1957 855 2023 XI.

234 2129 355 2194 Iustus
371 2149 452 2194 vero
476 2133 511 2194 et
527 2126 668 2194 Simeon
686 2131 843 2195 seniores
859 2129 1004 2212 Iosephi
1020 2128 1084 2193 filii
1101 2128 1216 2194 ductis
1238 2130 1355 2194 uxori·

149 2233 214 2299 bus
231 2232 268 2296 in
285 2230 436 2297 familias
448 2253 529 2298 snas
546 2232 740 2298 abiverunt.
763 2231 898 2299 Ambae
909 2235 1042 2317 pariter
1052 2237 1249 2316 nupserunt
1258 2231 1353 2298 filiae

150 2336 237 2402 etin
254 2356 335 2401 suas
353 2341 575 2401 secesserunt
591 2336 707 2402 aedes.
730 2335 781 2401 At
796 2337 1025 2402 remanebant
1040 2338 1076 2401 in
1094 2336 1195 2401 domo
1206 2334 1354 2418 Iosephi

148 2439 239 2503 Iuda
256 2445 291 2503 et
300 2437 451 2503 Iacobus
468 2439 582 2504 minor
597 2460 661 2505 nec
678 2461 748 2504 non
766 2446 876 2504 mater
891 2462 968 2505 mea
982 2442 1089 2525 virgo.
1112 2440 1189 2524 Ego
1206 2439 1355 2520 insuper

148 2564 219 2607 una
235 2541 405 2627 cumillis
423 2541 577 2627 (ibidem)
593 2544 785 2626 permansi,
808 2543 902 2609 haud
923 2544 1027 2609 aliter
1047 2545 1134 2608 acsi
1156 2563 1247 2607 unus
1266 2540 1354 2605 fuis-

150 2666 222 2712 sem
242 2645 283 2710 de
301 2643 384 2709 filiis
401 2645 487 2710 eius.
512 2644 684 2729 Transegi
700 2652 817 2711 autem
834 2667 969 2711 omnem
986 2653 1136 2712 aetatem
1152 2665 1264 2709 meam
1275 2644 1352 2709 sine

151 2749 264 2831 culpa.
297 2746 446 2812 Mariam
465 2748 639 2831 appellavi
655 2755 800 2814 matrem
815 2770 927 2813 meam
950 2755 985 2814 et
999 2747 1190 2832 Iosephum
1206 2754 1354 2830 patrem,

152 2858 257 2935 atque
283 2850 320 2914 in
345 2850 506 2915 omnibus
533 2871 621 2934 quae
648 2851 812 2917 dixerunt
835 2872 965 2916 morem
990 2852 1077 2934 ipsis
1102 2851 1209 2935 gessi:
1237 2870 1354 2933 neque

150 2953 342 3036 repugnavi
363 2952 436 3016 illis
455 2974 609 3036 unquam
626 2953 688 3018 sed
705 2954 941 3037 obtemperari
958 2957 1024 3036 eis,
1047 2961 1086 3019 ut
1101 2954 1218 3018 facere
1236 2952 1355 3018 solent

151 3056 281 3139 reliqui
301 3076 390 3138 quos
406 3060 501 3120 terra
515 3055 681 3138 producit
698 3055 871 3121 homines:
896 3077 961 3122 nec
982 3059 1069 3121 iram
1090 3057 1162 3121 illis
1181 3056 1353 3122 concitavi

152 3160 224 3225 ullo
251 3159 323 3240 die,
349 3164 411 3224 aut
433 3159 575 3224 verbum
601 3158 745 3242 aliquod
772 3179 833 3225 sou
858 3180 1064 3242 responsum
1087 3159 1355 3243 (duriusculum)

152 3263 239 3346 ipsis
257 3262 420 3346 opposui;
442 3281 459 3325 e
479 3263 653 3327 contrario
675 3263 811 3346 ingenti
828 3283 888 3328 ecs
904 3269 1112 3346 prosecutus
1130 3284 1204 3327 sum
1226 3282 1355 3343 amore,

154 3387 216 3431 ceu
233 3365 403 3450 pupillam
421 3365 525 3444 oculi,

636 3568 757 3635 Garun
779 3532 877 3635 ΧΙΙ.ο

241 3723 399 3807 Contigit
419 3730 500 3806 post
524 3724 610 3788 haec
635 3730 674 3789 ut
701 3725 1001 3809 adpropinquaret
1021 3746 1112 3789 mors
1135 3725 1229 3789 senis
1257 3724 1356 3791 illius

154 3828 204 3909 pii
220 3825 363 3908 Iosephi
384 3826 565 3909 ipsiusque
584 3825 626 3890 de
643 3826 853 3893 boemundo
877 3828 1005 3908 exitus,
1028 3849 1121 3893 more
1139 3828 1359 3911 reliquorum

112 3917 115 3921 ¹
155 3929 333 3993 hominum
355 3930 415 4011 qui
435 3928 518 3994 huic
539 3936 653 3995 terrae
677 3938 790 3995 ortum
814 3930 953 3995 debent.
1001 3929 1119 4014 Atque
1141 3938 1287 3997 nutante
1310 3931 1358 3997 ad

154 4033 336 4098 interitum
359 4053 503 4114 corpore
525 4033 601 4098 eius
623 4033 790 4098 indicavit
811 4035 879 4116 ipsi
900 4034 1046 4118 angelus
1064 4034 1195 4099 domini
1216 4035 1284 4100 iam
1304 4036 1358 4100 in·

156 4142 248 4201 stare
264 4136 386 4199 mortis
402 4135 534 4200 horam.
564 4135 719 4201 Proinde
737 4157 815 4201 eum
831 4138 936 4203 timor
956 4144 991 4202 et
1010 4139 1135 4222 ingens
1157 4138 1263 4203 animi
1279 4159 1358 4221 per-

155 4237 310 4302 turbatio
327 4237 463 4302 invasit.
497 4235 652 4321 Surgens
674 4244 789 4304 autem
810 4240 918 4305 abivit
933 4240 1227 4325 Hierosolymam,
1251 4247 1285 4306 et
1306 4242 1360 4306 in·

157 4361 297 4425 gressus
316 4340 484 4423 templum
501 4341 633 4408 domini
653 4341 843 4426 effusisque
865 4343 916 4409 ibi
932 4364 1048 4409 coram
1065 4347 1264 4411 sanctuario
1280 4365 1361 4428 pre-

158 4443 257 4510 cibus
274 4442 375 4507 dixit:
