2962 4912
138 303 178 365 98
335 301 668 353 esnone-narsitem
687 302 933 353 EVANGELIUM.
964 298 1040 353 CAP.
1061 301 1138 351 XXX.

138 454 210 518 bat:
258 452 309 516 Tu
337 475 405 516 non
431 453 480 516 vis
507 451 616 515 filium
641 457 738 514 tuum
765 451 902 515 tradere
933 458 972 516 ut
997 451 1166 515 doceatur
1191 451 1346 515 seientia

137 557 288 621 humana
305 562 339 620 et
356 552 503 619 timore?
528 551 597 618 Sed
613 553 712 618 video
730 561 763 618 te
785 553 977 618 etMariam
994 554 1072 636 plns
1084 554 1171 619 velle
1190 553 1343 636 diligero

138 658 247 721 filium
264 664 415 721 vestrum
432 677 534 738 (luam
552 655 758 720 traditiones
780 657 955 720 seniorum
973 657 1104 739 populi.
1142 654 1345 740 Oportebat

139 761 230 823 enim
247 780 304 823 vos
321 758 400 841 plus
418 757 587 822 honorare
605 757 827 841 presbyteros
845 760 952 822 totins
970 758 1140 823 ecelesiae
1157 757 1282 839 Israel,
1307 764 1344 823 et

139 859 1344 926 utcnminfantibusmutuamhaberetearitatornetintereosiudaica

140 963 338 1027 erudiret-nr
355 963 523 1026 doctrina.
571 964 581 994 ²
600 960 665 1025 Cui
688 982 704 1025 e
723 962 896 1026 contrario
916 961 1003 1025 dixit
1019 963 1161 1046 Ioseph:
1193 963 1242 1026 Et
1259 962 1341 1045 quis

139 1066 270 1146 estqui
293 1065 406 1147 possit
422 1064 514 1127 hune
537 1065 705 1128 infantem
722 1071 842 1129 tenere
865 1071 901 1128 et
917 1063 1066 1128 docere?
1097 1064 1166 1130 Sed
1191 1067 1219 1129 si
1238 1071 1341 1147 potes

138 1175 175 1231 tu
197 1174 317 1231 tenere
341 1173 376 1231 et
399 1166 523 1231 dooere
547 1189 639 1248 enm,
666 1189 728 1231 nos
750 1168 890 1231 minime
914 1167 1138 1249 prohibemus
1161 1189 1240 1233 eum
1263 1190 1284 1232 a
1304 1175 1338 1233 te

139 1269 256 1334 doceri
274 1290 362 1352 «puae
383 1269 425 1334 ab
449 1269 609 1334 omnibns
626 1269 819 1333 discuntur.
852 1267 995 1335 Auditis
1012 1271 1112 1335 Iesus
1133 1292 1222 1354 quae
1246 1272 1341 1335 (lixe-

138 1371 358 1455 ratZaohyas
370 1371 551 1455 respondit
567 1372 598 1435 ei
616 1371 762 1436 otdixit:
785 1372 999 1455 Praeceptor
1013 1373 1111 1457 legis,
1131 1394 1219 1457 (puae
1231 1373 1338 1456 paulo

138 1482 217 1540 ante
242 1475 360 1539 dixisti
383 1481 418 1539 et
439 1475 554 1544 omnia
576 1496 664 1556 (puae
687 1476 873 1539 nominasti
900 1483 1039 1558 oportet
1062 1477 1190 1541 servari
1216 1476 1259 1541 ab
1284 1476 1339 1539 his

139 1579 197 1661 qui
219 1578 396 1642 hominum
419 1576 590 1641 docentur
611 1578 798 1641 institutis:
826 1578 887 1642 sed
909 1586 1094 1643 extraneus
1112 1600 1187 1643 sum
1209 1579 1338 1643 aforis

137 1681 278 1761 vestris,
306 1680 389 1762 quia
412 1685 592 1761 parentem
619 1680 792 1744 carnalem
819 1702 887 1744 non
912 1679 1035 1745 habeo.
1067 1679 1119 1744 Tu
1143 1682 1202 1764 qui
1225 1681 1339 1764 legem

138 1782 225 1866 legis
244 1788 278 1846 et
294 1781 487 1846 instructus
500 1803 546 1864 es,
564 1783 599 1846 in
611 1783 688 1867 lege
700 1804 897 1866 permanes:
916 1805 979 1867 ego
998 1791 1113 1847 saitem
1130 1791 1211 1848 ante
1224 1783 1340 1868 legem

139 1908 241 1951 eram.
279 1882 348 1950 Sed
366 1906 442 1949 eum
459 1892 560 1968 putes
577 1893 611 1950 te
633 1908 701 1952 non
719 1887 846 1952 habere
864 1909 982 1970 parem
1005 1887 1040 1950 in
1061 1886 1237 1968 doctrina,
1263 1908 1342 1951 eru·

140 1989 246 2054 dieris
264 2009 283 2052 a
299 2010 363 2069 me,
381 1989 545 2070 qnoniam
563 2012 662 2055 nemo
680 1989 770 2055 alius
787 1990 1040 2073 potestdoeere
1059 1991 1126 2054 nisi
1143 1989 1229 2054 haee
1247 2009 1340 2073 quae

139 2090 335 2155 nominasti.
371 2089 451 2172 Ipse
471 2091 561 2154 enim
580 2098 697 2174 potest
714 2093 773 2174 qui
791 2093 917 2175 dignus
935 2099 998 2157 est.
1032 2091 1108 2173 Ego
1126 2098 1241 2156 autem
1261 2113 1340 2155 cum

139 2193 310 2258 exaltatus
332 2190 430 2256 fuero
456 2215 476 2256 a
501 2200 607 2275 terra,
634 2215 770 2258 cessare
796 2194 921 2258 faciam
947 2214 1083 2258 omnem
1108 2194 1342 2277 genealogiae

137 2303 270 2360 vestrae
289 2296 511 2360 mentionem.
543 2295 594 2360 'Pa
614 2298 751 2379 ‹piando
771 2302 872 2361 natus
891 2318 937 2376 ee,
956 2298 1111 2379 ignoras:
1136 2318 1198 2379 ogo
1220 2303 1342 2362 autem

138 2472 222 2520 formo
235 2472 263 2518 in
274 2470 390 2519 Thomse
404 2474 543 2536 evangelio
555 2475 655 2522 (trueco
670 2474 778 2537 legitor,
792 2474 837 2521 ubi
848 2489 904 2536 cop.
917 2471 962 2519 Vi.
975 2469 1124 2534 ,ἵακχαῖοσ
1137 2472 1261 2529 habetur,
1275 2474 1343 2522 item

137 2557 206 2620 opud
219 2555 320 2620 Syrum.
336 2558 339 2620 t
353 2557 518 2606 traditiones:
537 2559 620 2617 ita1>3
639 2574 655 2606 s
668 2560 882 2607 contradictiones
896 2558 900 2623 i
916 2574 958 2607 eos
972 2566 1002 2607 ut
1013 2570 1047 2617 υς
1067 2574 1083 2605 a
1095 2574 1139 2605 nos
1153 2556 1156 2621 Ι
1173 2559 1241 2606 inter
1254 2575 1298 2607 eoi
1311 2563 1344 2607 ut

137 2655 171 2700 1>;
186 2655 202 2689 Δ
216 2643 284 2690 inter
295 2657 341 2690 noe

207 2729 288 2775 nnio:
311 2728 439 2791 Magister
456 2733 550 2785 irritem,
569 2730 722 2778 laetanea
739 2731 847 2786 nomine,
866 2745 920 2777 earn
938 2729 1051 2776 audisset
1067 2743 1120 2775 eran
1133 2728 1199 2775 todia
1213 2729 1292 2776 rerba
1304 2729 1344 2779 lo·

139 2817 258 2876 quentari,
272 2814 354 2876 eoepit
366 2816 419 2860 eine
431 2814 520 2861 timore
533 2814 602 2877 loqui
614 2820 704 2863 eontra
716 2815 807 2878 loseph
817 2816 903 2862 disens
913 2815 1008 2875 (codex
1017 2813 1163 2874 elicientem:
1179 2815 1215 2862 Ta
1226 2815 1265 2861 nis
1275 2815 1345 2877 quot

139 2898 208 2952 tiliae
221 2901 278 2945 inne
289 2899 389 2945 ereneat
400 2914 448 2946 non
462 2899 607 2962 inteliiyens
619 2900 740 2947 retandatn
753 2899 831 2962 lepis?
850 2899 899 2946 Cur
913 2899 992 2961 ipsam
1001 2898 1059 2945 doen
1068 2913 1135 2960 pner
1146 2904 1185 2946 eet
1197 2915 1247 2947 nois
1257 2899 1345 2957 (loces,

140 2987 164 3032 et
177 2999 224 3031 non
230 2983 305 3046 faeie
317 2988 344 3030 nt
358 2984 491 3031 caritatem
503 2985 594 3033 naneae
607 2985 673 3032 inter
678 2984 753 3049 filios
766 2984 867 3033 Israeli
892 2985 1000 3031 [solatia
1013 2984 1147 3031 erudiatur
1158 2985 1288 3033 doctrina.

209 3067 277 3117 Item
291 3082 323 3117 n:
342 3069 470 3131 ⁴ilapister
484 3070 573 3116 iterum
585 3070 687 3132 quitiam
700 3070 793 3117 indens
806 3071 902 3117 nornine
914 3069 1031 3125 Zac-trias,
1046 3069 1152 3117 assiliens
1163 3070 1194 3117 de
1207 3070 1267 3118 Iesn
1281 3070 1347 3133 qnia

139 3157 163 3202 in
173 3170 202 3203 eo
212 3154 392 3218 insuperabilis
400 3159 464 3202 esset
473 3155 611 3217 sapiencia,
616 3156 710 3218 saetas
718 3159 756 3203 est
764 3155 852 3203 etoleno
862 3159 886 3202 et
896 3156 963 3217 oepit
973 3180 981 3190 ·
991 3154 1100 3203 Dicebat
1113 3155 1192 3203 entim:
1206 3181 1214 3190 ·
1229 3157 1345 3204 sciencia

138 3242 247 3288 humana
259 3240 372 3288 timorist
397 3239 446 3287 Sed
459 3240 559 3287 oidetnr
571 3243 595 3288 te
612 3244 637 3288 et
648 3240 763 3288 Mariani
776 3265 784 3275 ·
798 3255 871 3303 qaam
884 3240 1040 3289 tradiciones
1051 3256 1100 3287 seii.
1111 3256 1171 3304 pop.
1199 3242 1346 3305 Oportebat

138 3326 202 3373 enirn
214 3340 257 3373 ees
270 3351 278 3360 ·
291 3325 386 3382 I-rrael,
399 3330 427 3373 nt
439 3341 493 3372 enin
506 3351 514 3359 ·
528 3326 594 3373 inter
607 3342 649 3374 eos
661 3327 712 3374 iat.
726 3327 796 3375 erasi.
809 3327 890 3375 doctr.
1144 3385 1147 3391 Ι

207 3413 231 3458 2.
250 3411 288 3459 Et
300 3411 355 3474 qna
367 3411 525 3467 nto3s12't
537 3411 560 3458 si
572 3411 777 3475 qais{A1nIitie:
791 3412 827 3460 sie
842 3426 874 3469 n;
891 3409 1043 3474 noadiensi
1056 3415 1211 3474 praeceptor
1224 3419 1304 3471 utn;
1326 3428 1343 3462 A

134 3497 307 3560 praeceptori.
337 3495 507 3545 Conieeormn
520 3496 548 3545 in
562 3496 602 3546 ed.
617 3500 640 3546 1.
649 3501 790 3561 praecepta
804 3495 807 3562 i
823 3497 882 3562 Ipse
894 3500 957 3545 enirn
966 3502 1051 3560 potest
1063 3498 1105 3561 qai
1119 3497 1148 3559 (n
1162 3497 1235 3560 qnia)
1249 3499 1345 3562 dipnae

138 3588 189 3632 est:
210 3583 335 3646 proposui
354 3582 382 3629 in
396 3581 437 3630 ed.
452 3583 475 3630 1.
500 3582 609 3645 Quisque
621 3583 686 3630 enirn
694 3586 779 3645 potest
792 3582 879 3645 peribas
891 3583 982 3645 ‹Iipnne
994 3587 1038 3631 est.
1065 3582 1203 3644 Scriptura
1217 3583 1342 3633 codicum

138 3669 181 3716 vix
195 3682 266 3716 snas.
286 3666 359 3724 ano
373 3667 489 3729 proximo
503 3666 676 3729 praecedunt,
690 3669 780 3730 paullo
794 3669 875 3717 aliter
888 3669 915 3717 in
927 3683 944 3716 o
956 3669 1083 3731 leguntur
1096 3667 1172 3731 (qnae
1185 3683 1256 3717 nemo
1270 3669 1342 3718 aliae

139 3753 228 3800 doe-ere
238 3755 322 3813 potest
334 3752 384 3799 riiei
394 3752 435 3798 iiie
448 3768 517 3814 quem
530 3754 675 3814 nominasti)
682 3772 690 3808 ,·
709 3752 755 3802 sed
769 3762 864 3803 neutra
878 3755 943 3802 satis
957 3754 1073 3816 pinsant.
1088 3754 1091 3817 i
1106 3770 1122 3800 a
1136 3757 1208 3802 terra
1227 3760 1257 3803 ut
1270 3767 1303 3814 υς
1323 3768 1340 3804 Δ

139 3839 165 3885 in
178 3843 249 3887 terra

210 3923 253 3972 sio
272 3925 354 3989 igitur
367 3938 399 3971 n:
427 3924 472 3971 Cui
488 3941 501 3972 e
514 3929 603 3973 eontra
617 3925 667 3974 Ios.
681 3925 734 3973 ait.-
758 3924 797 3972 Er
809 3925 864 3988 qais
880 3928 917 3972 est
930 3925 1048 3988 quitario
1067 3925 1112 3988 inf.
1124 3926 1206 3988 possit
1219 3930 1305 3974 tenere
1316 3930 1342 3976 et

139 4010 211 4057 ‹ta-..t
237 4008 286 4057 Sed
298 4011 322 4057 si
340 4015 367 4058 tn
377 4014 450 4073 potes
462 4026 516 4058 eam
528 4015 577 4059 ten.
596 4016 621 4060 et
633 4012 687 4060 dor.
702 4037 709 4046 ·
722 4012 809 4060 dooeri
827 4027 843 4058 α
856 4016 880 4059 te
892 4027 922 4058 ea
935 4027 998 4073 qnae
1016 4011 1046 4057 (ti)
1058 4012 1197 4059 ioniinihns
1208 4012 1340 4061 docentur.

139 4095 253 4142 Audiens
266 4095 302 4142 le.
316 4111 380 4158 quae
392 4094 501 4143 Zartiias
513 4096 575 4153 aa„
589 4112 654 4159 resp.
668 4101 692 4144 et
704 4096 756 4145 dix.
769 4096 805 4143 ei:
824 4096 981 4158 Praeceptor
993 4095 1064 4157 lepis,
1077 4096 1160 4143 otnnia
1173 4112 1237 4159 qnae
1246 4096 1341 4159 paulu·

141 4180 190 4228 laen
209 4184 267 4228 ante
279 4179 331 4227 din.
351 4184 376 4226 ei
388 4182 523 4229 nominasti
535 4186 635 4246 oportet
647 4181 780 4230 observare
791 4183 911 4229 torinneio
923 4181 1027 4230 sinniein
1041 4182 1085 4229 toi.
1111 4181 1218 4229 Alienus
1230 4198 1275 4244 epo
1287 4198 1341 4230 enm

140 4266 171 4313 ab
191 4266 327 4323 institutis,
346 4271 482 4314 extranens
500 4284 516 4314 a
526 4269 600 4331 foris
613 4269 717 4323 nestris5
727 4273 859 4331 parentem
872 4268 1001 4316 carnalem
1014 4284 1062 4316 non
1074 4268 1159 4316 ntideo.
1193 4267 1229 4315 Tu
1242 4269 1342 4332 quietern

140 4352 217 4414 Iepem
230 4352 293 4415 lepis
305 4357 329 4401 et
342 4354 480 4402 instructas
492 4355 517 4402 in
530 4355 584 4417 lepe
593 4372 727 4418 permanes
739 4382 747 4391 ·
761 4372 815 4403 erim
825 4360 903 4418 potas
915 4380 923 4390 ·
937 4372 954 4403 a
966 4371 1003 4403 nie
1016 4370 1078 4419 qnae
1092 4370 1160 4402 nemo
1172 4354 1241 4402 alins
1250 4355 1343 4403 dooere

135 4442 221 4502 potest
233 4439 283 4487 nisi
294 4439 334 4487 nte
344 4456 414 4503 quem
424 4441 566 4490 nominanti.
586 4442 646 4506 Ipse
657 4443 721 4491 enim
729 4446 816 4507 potest
827 4443 887 4506 qnia
895 4442 986 4506 dipnue
998 4446 1042 4491 eet.
1063 4441 1119 4505 Epo
1133 4466 1142 4477 ·
1155 4456 1172 4488 a
1184 4445 1265 4498 terra,
1280 4457 1343 4492 eene.
