3000 4912
152 319 218 363 vm
615 299 889 357 rsounoouruu.
973 376 976 381 y

155 453 248 535 alius,
271 473 377 534 neque
400 452 428 516 is
451 451 585 516 minoris
609 451 833 533 aestimandus
853 458 916 517 est:
940 473 1137 535 magnopere
1158 453 1244 517 enim
1264 452 1356 518 adiu-

154 570 236 628 vant
252 562 447 648 indagantes
466 563 696 629 canonicorum
715 565 962 646 evangeliorum
980 565 1135 645 rationes,
1160 564 1354 647 quibuscum

154 696 228 741 eam
243 674 366 740 habent
383 674 658 740 necessitudinem
672 681 711 738 ut
725 681 886 758 quantam
907 675 966 740 illa
980 675 1015 740 in
1030 676 1105 758 ipsa
1120 677 1237 741 ultima
1251 677 1356 742 accle-

155 787 223 852 siae
244 786 445 868 antiquitate
461 787 694 852 auctoritatem
710 786 886 852 habuerint
906 785 1090 870 ostendant,
1113 794 1355 871 praetereaque

156 905 190 964 et
213 919 480 981 sermonemque
504 899 628 980 scripta
649 904 725 963 sunt
749 904 782 963 et
805 919 858 963 res
878 919 960 980 quae
983 898 1118 964 tradunt
1140 904 1172 965 et
1195 900 1356 982 interpre-

154 1009 298 1076 tationes
322 1030 404 1091 quas
427 1010 600 1075 subierunt
621 1010 797 1075 illustrent.
1328 1027 1331 1033 ·

241 1121 306 1188 Sed
329 1122 368 1187 de
391 1122 442 1187 his
465 1142 552 1185 nunc
579 1143 644 1186 non
672 1127 722 1185 est
750 1122 945 1205 explicatius
969 1121 1157 1202 dicendum3
1184 1123 1250 1187 iam
1279 1121 1357 1186 feei-

155 1255 228 1299 mus
251 1234 286 1299 id
310 1234 442 1316 quidem
463 1233 576 1298 libello
600 1254 705 1316 nuper
727 1233 815 1316 apud
833 1233 995 1316 Haganos
1018 1233 1188 1316 publicato
1201 1235 1233 1316 1),
1257 1255 1355 1316 quem

155 1346 212 1411 ubi
235 1346 377 1429 primum
399 1365 460 1428 per
482 1345 585 1410 otium
607 1343 739 1410 licuerit
761 1344 948 1409 accuratius
976 1349 1125 1426 repetere
1148 1345 1355 1427 propositum

156 1463 214 1522 est.
262 1456 415 1522 Breviter
445 1461 575 1521 tantum
602 1455 664 1521 hoe
692 1456 766 1520 loco
794 1454 1006 1519 indicandum
1033 1454 1209 1521 videbatur
1237 1457 1356 1538 quanti

154 1568 314 1634 momenti
347 1573 556 1650 quantaeque
588 1573 675 1632 asset
704 1567 880 1647 utilitatis,
916 1574 1030 1632 nostra
1062 1573 1149 1632 certe
1182 1569 1357 1651 sententia,

157 1679 399 1763 evangeliorum
422 1679 688 1762 apocryphorum
711 1676 869 1743 studium:
892 1684 1031 1761 proptor
1052 1678 1141 1743 hanc
1159 1679 1246 1743 enim
1263 1700 1357 1744 caus·

156 1791 380 1873 semetipsi
408 1790 551 1855 studium
579 1790 779 1855 contulimus
807 1789 850 1856 ad
876 1789 935 1855 hos
961 1789 1063 1855 libros
1091 1788 1242 1855 edendos.
1288 1790 1355 1875 Qui

155 1924 357 1987 quamquam
393 1902 468 1967 inde
506 1901 548 1967 ab
585 1907 695 1967 aetate
732 1901 986 1967 reformatorum
1022 1922 1127 1984 usque
1164 1900 1206 1966 ud
1241 1906 1356 1966 nostra

156 2021 308 2098 tempora
336 2013 500 2079 editorum
522 2013 694 2079 doctorum
722 2014 919 2079 industriam
947 2013 1037 2078 nacti
1059 2018 1148 2095 sunt,
1176 2018 1287 2078 tamen
1310 2012 1357 2078 fa·

156 2126 217 2191 cile
241 2125 438 2209 intelligitur
459 2128 585 2190 textum
608 2146 724 2191 eorum
745 2124 891 2189 nondum
915 2145 954 2189 ea
976 2123 1212 2208 probabilitate
1235 2125 1356 2190 consti·

156 2241 266 2301 tutum
289 2257 361 2300 esse
378 2258 463 2319 quae
488 2257 528 2301 ex
550 2237 697 2319 antiquis
719 2235 815 2300 libris
835 2257 935 2300 manu
954 2236 1088 2318 scriptis
1102 2235 1229 2300 hauriri
1247 2242 1356 2319 queat

155 2347 241 2414 Sunt
268 2353 380 2413 autem
406 2347 595 2431 apocrypha
623 2347 793 2430 evangelia
815 2346 974 2412 eiusmodi
996 2352 1034 2411 ut
1057 2368 1136 2430 prae
1159 2347 1278 2412 ceteris
1303 2368 1357 2411 cu·

156 2480 229 2524 ram
257 2459 407 2525 criticam
434 2465 586 2543 poscant,
614 2480 721 2542 neque
745 2465 835 2524 recte
858 2458 1009 2524 adhiberi
1031 2459 1160 2542 possint
1182 2458 1245 2522 nisi
1274 2458 1356 2523 anti-

157 2570 271 2653 quiore
294 2576 387 2635 textu
410 2593 430 2636 a
451 2571 689 2636 mutationibus
709 2591 791 2653 quas
813 2571 978 2654 posterior
999 2569 1102 2636 libido
1123 2571 1250 2635 invexit
1271 2569 1357 2634 bene

156 2679 327 2745 distincto:
355 2687 406 2745 tot
434 2682 520 2746 enim
550 2681 609 2747 illa
633 2681 766 2764 quidem
793 2681 967 2746 subierunt
996 2703 1106 2764 casus,
1134 2687 1185 2747 tot
1211 2687 1245 2746 et
1272 2680 1358 2745 tales

155 2791 366 2857 recensiones
390 2797 527 2874 experta
549 2798 634 2874 sunt,
657 2798 695 2858 ut
716 2792 799 2857 nihil
817 2791 923 2858 simile
941 2793 1152 2859 cecideritin
1170 2793 1238 2857 ullo
1256 2792 1357 2857 libro-

157 2924 230 2968 rum
259 2923 441 2984 sacrorum,
473 2924 556 2986 quos
584 2904 784 2968 variantium
811 2904 990 2969 lectionum
1016 2925 1137 2986 magna
1163 2905 1195 2967 vi
1223 2903 1357 2968 obrutos

156 3034 227 3081 esse
258 3018 393 3079 constat.
439 3013 724 3099 Quemadmodum
752 3020 862 3080 autem
890 3014 996 3080 libelli
1019 3014 1076 3097 qui
1102 3015 1166 3078 huc
1188 3015 1358 3096 pertinent

155 3123 279 3190 dudum
308 3125 388 3189 editi
414 3125 547 3190 labores
571 3126 660 3191 circa
681 3131 808 3191 textum
831 3125 964 3191 criticos
985 3125 1176 3208 requirunt,
1203 3125 1251 3189 ita
1279 3132 1357 3189 sunt

95 3294 97 3299 .
155 3236 214 3302 alii
244 3258 317 3301 cum
347 3235 444 3300 editis
472 3235 525 3300 rel
551 3237 693 3302 arctiore
719 3237 772 3301 rel
798 3235 923 3302 laxiore
947 3235 1076 3301 vinculo
1106 3235 1276 3301 coniuncti
1299 3236 1357 3318 qui

154 3347 325 3429 hucusque
347 3347 383 3410 in
405 3347 682 3414 bibliothecarum
703 3347 822 3413 umbra
843 3346 1054 3413 delituerunt.
1097 3347 1171 3412 Hos
1194 3347 1296 3429 igitur
1319 3353 1357 3412 ut

154 3460 298 3542 primum
320 3459 354 3523 in
376 3456 484 3523 lucem
507 3458 704 3542 proferrem,
718 3458 792 3524 illos
814 3465 852 3523 ut
874 3458 1031 3524 subsidiis
1050 3459 1145 3523 novis
1161 3458 1285 3523 criticis
1301 3479 1356 3523 ex-

156 3570 298 3635 colerem
327 3576 428 3653 atque
455 3570 679 3652 emendarem,
707 3571 914 3653 propositum
936 3570 1017 3634 mihi
1045 3575 1118 3636 erat
1143 3571 1179 3634 in
1206 3569 1358 3652 paranda

155 3680 219 3745 hac
251 3682 499 3765 evangeliorum
531 3682 798 3766 apocryphorum
829 3682 983 3747 editione.
1037 3680 1080 3746 In
1113 3703 1179 3765 qua
1210 3680 1290 3766 quid
1322 3682 1356 3746 in

154 3797 331 3874 utramque
359 3798 489 3875 partem
514 3793 739 3876 praestiterim
761 3791 813 3858 rel
839 3798 1009 3858 assecutus
1031 3792 1112 3857 mihi
1134 3792 1261 3873 ridear,
1288 3792 1356 3859 iam

155 3902 270 3985 paucis
293 3902 468 3969 dicendum
500 3905 572 3970 erit.
626 3904 725 3990 Quod
755 3905 804 3969 ita
832 3905 1004 3970 instituam
1035 3910 1073 3970 ut
1099 3904 1167 3969 tria
1193 3904 1356 3969 librorum

155 4014 275 4078 horum
294 4015 557 4098 evangelicorum
575 4037 697 4099 genera
716 4015 925 4099 distinguam,
947 4037 1090 4100 quorum
1107 4017 1250 4099 primum
1267 4036 1357 4079 com-

243 4203 265 4269 ¹)
283 4207 324 4258 De
342 4207 528 4271 occupetiorum
547 4209 746 4274 apocryphorum
760 4209 859 4273 criptae
873 4215 898 4258 et
910 4225 964 4259 aaa.
994 4208 1110 4272 Scripsit
1127 4207 1155 4259 C.
1168 4206 1356 4257 Tischendorf.

155 4289 317 4354 Disquiritio
335 4291 465 4341 historica
484 4291 579 4341 critica
592 4306 669 4355 quum
687 4293 803 4356 praemio
822 4308 901 4342 aureo
917 4291 1024 4358 dignam
1043 4293 1149 4343 censuit
1167 4291 1288 4342 Societas
1302 4290 1355 4342 Ha·

155 4389 225 4440 gans
243 4390 291 4438 pro
312 4375 482 4425 defendenda
500 4374 642 4440 Religione
661 4373 825 4426 Christiane.
854 4376 946 4442 Hegea
965 4375 1097 4427 Comitum
1116 4377 1193 4427 1851.
