2962 4912
142 307 203 369 100
331 305 664 357 Psuuoo-ufflfluul
682 303 926 354 rudusculum.
954 304 1029 354 CAP.
1050 301 1145 353 XXXI.

139 459 247 541 loqui.
283 457 331 521 Et
352 456 440 520 dixit
460 456 510 521 eis
532 456 648 520 lesus:
680 455 748 520 Fui
770 455 942 520 intervos
967 475 1043 518 cum
1065 453 1279 532 infantibus,
1307 459 1346 516 et

140 584 209 626 non
227 559 438 644 cognovistis
459 580 522 623 me.
554 559 710 624 Locutus
732 580 807 623 sum
823 558 921 622 vobis
940 558 1039 641 quasi
1061 578 1138 621 cum
1160 555 1346 639 prudenti·

138 665 219 746 bus,
242 671 277 728 et
299 684 367 727 non
390 661 615 727 intellexistis
632 683 748 727 rocem
766 682 889 741 meam,
913 662 995 742 quia
1010 661 1162 724 minores
1179 680 1231 724 me
1256 658 1345 722 estis

143 775 177 832 ct
193 766 350 833 modicae
368 764 460 829 fidei.

595 934 715 1002 Gneus
738 935 883 1000 XXXI.

227 1077 235 1110 ¹
254 1075 385 1138 lterum
408 1075 575 1158 magister
594 1074 751 1158 Zachyas
774 1075 863 1158 legis
885 1073 1007 1138 doctor
1028 1072 1115 1137 dixit
1144 1070 1187 1136 ud
1210 1070 1345 1154 Ioseph

142 1186 176 1243 ct
192 1177 356 1242 Marium:
388 1175 479 1241 Dete
498 1177 581 1241 mihi
598 1199 756 1260 puerum,
777 1184 812 1242 et
829 1198 892 1260 ego
909 1176 1043 1241 tradam
1058 1176 1157 1240 illum
1174 1175 1343 1257 magistro

139 1281 234 1361 Levi,
252 1280 312 1362 qui
323 1279 448 1345 doceat
465 1301 542 1344 eum
553 1281 689 1345 litteras
707 1287 742 1345 et
757 1280 906 1344 erudiat.
931 1278 1171 1361 Tuuoioseph
1182 1284 1217 1342 et
1227 1275 1344 1342 Maria

139 1383 363 1448 blandientes
381 1382 498 1448 Iesum
515 1382 690 1447 duxerunt
711 1384 747 1446 in
771 1382 924 1460 scholae,
947 1388 986 1447 ut
1003 1381 1187 1446 doceretur
1203 1380 1342 1445 litteras

142 1510 162 1551 a
185 1507 267 1551 sone
284 1485 380 1550 Levi.
413 1485 580 1568 Quicum
603 1485 797 1565 introisset,
820 1483 969 1549 tacebat.
1000 1482 1048 1548 Et
1069 1484 1237 1566 magister
1256 1482 1342 1547 Levi

140 1611 243 1654 unam
261 1589 414 1653 litteram
431 1588 571 1652 dicebat
593 1587 637 1653 od
653 1587 784 1669 Iesum,
807 1594 843 1652 et
863 1587 1037 1669 incipiens
1059 1586 1207 1669 aprima
1223 1585 1343 1650 littera

139 1690 256 1774 Aleph
283 1690 423 1756 dicebat
449 1691 495 1755 ei:
527 1690 727 1773 Responde.
758 1690 861 1755 Iesus
886 1696 1002 1754 autem
1027 1689 1168 1753 tacebat
1193 1695 1228 1754 et
1253 1687 1343 1753 nihil

140 1794 385 1877 respondebat.
416 1792 518 1859 Unde
535 1801 743 1876 praeceptor
757 1793 843 1858 Levi
859 1793 969 1858 iratus
992 1791 1259 1875 apprehendens
1280 1792 1345 1856 vir·

140 1919 217 1982 gam
234 1898 439 1962 storatinem
456 1897 630 1979 percussit
647 1918 725 1961 eum
746 1897 781 1961 in
800 1896 924 1978 capite.
971 1896 982 1928 ²
999 1894 1100 1959 Iesus
1121 1901 1237 1960 autem
1254 1894 1346 1958 dixit

142 1999 186 2064 ad
203 1998 419 2064 didascalum
435 1999 536 2064 Levi:
568 1999 618 2065 Ut
634 1998 716 2083 quid
739 2020 791 2063 me
814 1995 993 2081 percutis?
1023 1997 1065 2062 In
1082 1999 1228 2063 veritate
1250 1998 1344 2062 scies

140 2104 224 2187 quia
248 2103 322 2184 ipse
345 2103 405 2184 qui
426 2103 624 2186 percutitur
644 2103 752 2186 magis
776 2101 879 2166 docet
899 2102 1155 2184 percutientem
1178 2121 1214 2165 ee
1238 2120 1346 2182 quum

140 2205 182 2271 ab
207 2226 246 2270 eo
268 2204 445 2269 doceatur.
482 2204 557 2288 Ego
581 2205 672 2269 enim
694 2210 728 2269 te
750 2225 891 2287 possum
909 2203 1033 2268 docere
1052 2224 1139 2286 <luae
1162 2224 1183 2268 a
1204 2208 1238 2267 te
1265 2203 1345 2285 ipso

140 2307 317 2372 dicuntur.
361 2304 430 2372 Sed
456 2305 492 2369 hi
518 2328 636 2372 omnes
662 2306 757 2371 caeci
783 2312 864 2371 sunt
890 2307 948 2388 qui
975 2306 1097 2370 dicunt
1122 2311 1156 2369 et
1180 2304 1346 2384 audiunt,

141 2410 240 2493 quasi
263 2430 322 2475 aes
344 2430 471 2474 sonans
497 2415 558 2474 eut
580 2409 766 2474 cimbalum
790 2410 961 2489 tinniens,
988 2407 1172 2491 inquibus
1196 2430 1267 2473 non
1291 2414 1347 2473 est

139 2533 262 2577 sensus
280 2519 504 2594 eorumquae
528 2511 777 2596 intelliguntur
792 2533 855 2595 per
872 2532 994 2577 sonum
1013 2510 1161 2575 illorum.
1197 2510 1246 2575 Et
1264 2510 1348 2575 sub·

139 2615 288 2697 iungens
305 2613 406 2678 iesus
429 2612 517 2678 dixit
533 2613 709 2699 Zachyae:
743 2613 864 2681 Omnis
887 2615 1007 2680 littera
1027 2616 1069 2680 ab
1086 2613 1204 2698 Aleph
1226 2635 1345 2698 usque

139 2717 182 2780 ud
200 2715 297 2780 Thau
322 2715 554 2799 dispositione
577 2717 798 2783 discernitur.
830 2717 898 2782 Die
920 2740 1002 2800 ergo
1024 2725 1062 2782 tu
1085 2718 1233 2800 primum
1256 2716 1346 2800 quid

139 2895 194 2941 Aul
205 2909 310 2956 resupnum
322 2897 359 2941 eet
371 2896 400 2940 m
410 2892 480 2949 deur,
499 2897 544 2941 out
556 2894 661 2957 anpelue
673 2895 714 2942 (lei
727 2894 839 2957 loquitor
852 2895 877 2941 iu
890 2910 926 2943 eo.
947 2892 1000 2955 (Cf.
1014 2893 1106 2952 XXXI,
1124 2896 1161 2955 3.)
1188 2894 1258 2942 Tunc
1272 2893 1347 2943 lem

141 2980 209 3028 discit
220 2979 270 3026 eis:
298 2977 364 3039 Quia
377 2978 469 3026 videtis
480 2995 518 3025 me
530 2979 661 3042 mfantem,
675 2980 717 3042 qui
729 2979 799 3028 diei:
824 2979 883 3028 Seio
896 2980 996 3042 quamdo
1008 2980 1064 3026 nati
1076 2980 1150 3036 estis,
1168 2994 1252 3028 omnes
1264 2981 1345 3026 mira·

142 3065 212 3120 mim,
225 3079 274 3112 non
287 3062 458 3124 intellipemtee
469 3079 551 3112 vocem
563 3080 649 3111 mecm
675 3064 766 3112 Adhuc
778 3063 905 3125 ampliora
918 3065 975 3113 dieo
987 3064 1064 3120 eodir,
1076 3068 1105 3112 et
1116 3065 1197 3127 mepte
1209 3065 1346 3112 miremini.

141 3150 230 3198 Omnes
239 3151 349 3198 minores
360 3150 421 3197 estis
429 3165 480 3197 me:
493 3165 537 3212 epo
551 3165 604 3198 rum
616 3150 831 3215 exultatuefuero
844 3168 859 3196 a
870 3154 950 3206 terra,
961 3151 1062 3212 perieris
1071 3151 1118 3197 mei
1128 3150 1240 3214 (repone
1250 3152 1345 3209 vestri)

130 3236 234 3299 facium
244 3250 343 3283 cessare
355 3235 508 3283 rreeertionem.
528 3235 620 3284 Iudaei
632 3241 714 3284 autem
727 3238 770 3300 qui
783 3237 902 3284 astabant
914 3233 968 3299 [et]
982 3236 1119 3284 audiebant
1130 3251 1268 3284 sermonem
1280 3238 1346 3294 eius,

137 3321 226 3369 mitrati
235 3324 293 3368 eunt
301 3320 426 3368 dicenter:
448 3320 523 3369 Tales
531 3336 657 3370 sermones
666 3337 790 3385 nonquam
802 3322 944 3370 audivimus
953 3321 1041 3385 quales
1053 3321 1151 3370 locutus
1162 3325 1200 3369 est
1212 3323 1262 3369 isle
1268 3337 1345 3383 puer.

208 3404 300 3461 XXXI,
321 3407 344 3452 1.
370 3419 387 3452 ι)
401 3405 452 3454 sic:
472 3405 569 3453 Iterum
586 3406 708 3469 respicies·
720 3406 829 3454 Zarhiae
840 3407 907 3454 dixit
924 3407 958 3455 ad
971 3407 1076 3468 Ioseph:
1099 3406 1144 3454 Da
1159 3408 1219 3454 mili
1234 3422 1345 3468 puerum

138 3495 163 3539 et
175 3507 219 3554 epo
233 3495 265 3538 tr.
279 3506 333 3538 eum
346 3515 354 3524 ·
367 3490 458 3539 doceat
475 3490 546 3538 illum
560 3492 662 3539 litteras
675 3516 683 3526 ·
696 3492 823 3541 duxeruut
835 3508 889 3540 eum
906 3493 931 3539 iu
944 3492 1038 3541 scolam
1050 3497 1078 3540 ut
1090 3492 1233 3540 dirce-retur
1247 3492 1313 3554 (sic)
1328 3510 1343 3540 a

137 3576 235 3625 seniore
248 3574 312 3623 Levi
325 3601 333 3610 -
346 3592 362 3622 a
371 3576 448 3636 prim.
463 3575 552 3624 littera
571 3577 650 3638 alpia
663 3603 671 3613 ·
685 3577 757 3626 Iesus
769 3593 826 3625 cero
845 3577 910 3626 nili!
927 3578 1100 3639 respondebat.
1136 3577 1207 3627 Unde
1221 3581 1344 3641 irrupieter

139 3662 202 3711 Levi
216 3686 223 3696 -
237 3677 290 3709 eune
304 3663 396 3723 eapite.

118 3768 120 3773 >
208 3751 231 3794 2.
251 3747 309 3809 Epo
322 3748 386 3795 enim
399 3752 423 3795 te
431 3762 534 3808 possum
545 3749 635 3796 docere
648 3755 705 3797 etc:
726 3749 790 3798 ctu
810 3749 843 3797 ud
857 3749 934 3804 XXX.
948 3754 972 3798 4.
988 3752 990 3809 l
1008 3750 1091 3798 Plau:
1109 3753 1147 3801 its
1161 3768 1220 3800 cum
1233 3765 1252 3800 o
1267 3752 1341 3801 dedi·

139 3852 206 3890 urus,
218 3835 289 3899 quod
302 3839 456 3899 corruptum
469 3836 550 3885 etiem
563 3849 580 3883 Β
593 3836 718 3900 praebet:
737 3850 753 3884 s
770 3837 832 3885 ruet
843 3837 933 3887 habet.
959 3838 1026 3887 ltem
1041 3844 1111 3903 post.
1127 3837 1130 3903 l
1145 3839 1215 3885 caeci
1227 3842 1287 3886 eunt
1299 3839 1341 3901 qui

138 3922 240 3969 dicunt:
263 3921 394 3969 ediscunt
413 3922 562 3985 predicunt
576 3922 698 3986 lpoesunt
715 3937 746 3970 ex
765 3936 783 3971 u
801 3924 973 3986 sumpsimus,
991 3937 1008 3972 Α
1025 3939 1067 3972 om
1080 3921 1083 3986 Ι
1097 3924 1225 3986 pradatoe
1243 3923 1341 3985 (codex

139 4006 229 4070 potius
245 4009 405 4068 praterutoe)
425 4006 559 4057 subuectos
577 4016 635 4056 etc:
661 4008 788 4056 otiosos
808 4009 927 4073 geminos
947 4009 973 4057 in
994 4008 1101 4058 Graecis
1120 4008 1227 4072 (evang.
1246 4008 1339 4057 Thom.

139 4090 232 4140 Graec.
245 4091 274 4138 Α.
288 4090 333 4147 VI,
346 4090 383 4147 4.)
397 4101 425 4141 et
438 4091 557 4150 Latinis3
572 4092 636 4142 item
650 4107 717 4156 quse
731 4092 813 4142 codex
827 4108 844 4142 n
858 4094 977 4157 praebet.

209 4175 253 4226 Sic
267 4192 299 4225 o:
319 4177 391 4226 Iesus
403 4194 461 4226 cero
474 4179 526 4226 die.
546 4179 580 4227 ad
592 4178 766 4227 didascalum:
790 4179 823 4227 Ut
836 4180 895 4243 quid
909 4206 917 4215 ·
931 4181 990 4244 quia
1004 4182 1047 4245 qui
1061 4182 1206 4242 permetitur
1219 4195 1340 4242 pomus

138 4265 223 4312 dicere
235 4263 281 4310 tibi
291 4279 354 4326 quae
366 4280 383 4311 a
396 4267 419 4311 te
428 4264 561 4313 discuntur
574 4289 582 4300 ·
596 4266 665 4312 caeci
677 4261 787 4329 suntjqui
796 4266 897 4314 discurret
908 4271 933 4315 et
946 4267 1014 4323 aud..
1027 4271 1085 4315 sunt
1097 4267 1171 4331 quasi
1184 4292 1191 4302 ·
1204 4272 1243 4316 esi
1253 4283 1342 4317 cereus

138 4365 183 4397 nec
195 4347 339 4397 intellectus
351 4364 435 4396 eorum
449 4374 457 4385 ·
470 4349 541 4397 Iesus
553 4349 621 4397 dixit
631 4349 768 4413 rnupieteor
795 4349 880 4400 Omm'e
898 4350 986 4399 littera
1004 4351 1035 4398 al
1054 4344 1225 4415 alpiumque
1243 4353 1278 4399 cd
1296 4356 1340 4401 tae

139 4433 190 4497 (sic
210 4434 260 4482 hoc
278 4434 353 4491 loco;
372 4441 467 4497 postes
480 4438 605 4498 corrupte
619 4435 676 4493 con)
694 4459 704 4471 ·
721 4435 773 4484 Die
784 4435 845 4485 miti
856 4452 916 4499 erpo
924 4437 1033 4498 primum
1046 4442 1073 4483 tu
1092 4462 1101 4473 ·
1118 4437 1178 4500 quid
1190 4437 1226 4485 eit
1237 4435 1340 4499 alphe-
