2962 4912
406 352 608 404 DESCBNSUS
627 352 769 403 CHRISTI
787 353 833 401 Al)
852 350 1013 402 quenes,
1039 352 1061 401 1.
1270 350 1334 413 419

136 526 212 591 pum
239 505 342 570 fuerit
364 510 583 589 compertum,
614 504 704 587 quod
725 502 876 567 Karinus
899 509 932 567 et
954 501 1098 567 Leucius
1120 502 1183 567 vivi
1205 523 1334 585 perma-

137 612 241 671 neant
270 608 304 671 in
336 628 491 691 corpore,
527 615 561 675 ct
592 607 619 671 si
651 627 710 671 nos
741 627 797 671 eos
828 605 932 669 oculis
962 605 1085 671 nostris
1117 605 1335 688 contemplari

137 709 335 793 poterimus,
366 716 445 774 tunc
473 731 533 792 per
560 709 671 775 omnia
692 728 806 773 vorum
834 714 885 772 est
908 708 996 791 quod
1018 709 1073 772 isti
1095 709 1335 773 testificantur:

138 810 344 875 invenientes
359 831 447 894 vero,
467 810 517 874 illi
533 832 592 875 nos
608 815 717 875 certos
731 808 772 874 dc
794 809 947 874 omnibus
967 808 1097 875 facient.
1141 810 1202 876 Sin
1224 816 1335 874 autem

138 916 284 999 minime,
306 916 419 982 sciatis
442 916 521 999 quia
544 917 654 981 omnia
674 915 816 981 mentita
839 921 924 980 sunt.

225 1046 348 1112 ⁴'lunc
376 1045 484 1111 subito
513 1051 587 1110 orto
616 1045 752 1110 consilio
780 1045 907 1128 placuit
935 1045 982 1109 eis
1010 1045 1131 1128 eligere
1154 1046 1241 1111 viros
1269 1043 1337 1109 ido·

139 1170 220 1216 neos
242 1150 339 1215 deum
362 1149 524 1232 timentes,
547 1155 581 1213 et
604 1149 660 1231 qui
682 1154 844 1214 noverant
865 1149 996 1236 quando
1018 1149 1068 1213 illi
1091 1148 1238 1214 defuncti
1261 1153 1338 1213 sunt
1375 1208 1377 1213 .

140 1261 174 1321 et
206 1255 410 1338 sepulturam
440 1253 498 1318 ubi
530 1253 652 1337 sepulti
684 1259 774 1336 sunt,
804 1259 843 1319 ut
869 1253 1046 1338 diligenter
1072 1253 1280 1337 inquirerent
1305 1256 1339 1317 et

140 1357 294 1424 viderent
315 1359 343 1422 si
366 1357 414 1422 ita
436 1362 488 1421 est
510 1357 596 1421 sicut
619 1356 801 1423 audierant.
846 1357 1071 1423 Perrexerunt
1090 1357 1203 1441 itaque
1218 1356 1339 1422 ibidem

97 1554 100 1559 Ι
141 1463 205 1528 viri
232 1483 368 1528 numero
395 1461 595 1547 quindecim,
626 1463 682 1546 qui
710 1484 769 1545 per
796 1461 908 1527 omnia
936 1463 972 1527 in
998 1460 1196 1527 dormitione
1227 1482 1340 1526 eorum

142 1565 281 1632 aderant
311 1571 346 1632 et
376 1565 515 1648 pedibus
546 1565 614 1630 suis
647 1570 810 1630 steterant
836 1564 894 1629 ubi
921 1565 1042 1648 sepulti
1070 1570 1148 1630 sunt
1174 1571 1207 1630 et
1229 1585 1342 1630 monu-

141 1673 255 1733 menta
291 1689 407 1732 eorum
440 1666 698 1750 perspicuerant.
751 1665 818 1751 Qui
849 1665 1018 1731 venientes
1048 1668 1245 1732 invenerunt
1274 1688 1341 1731 mo-

142 1777 437 1835 numentanorum
460 1775 580 1854 apertu
603 1774 637 1833 ct
658 1769 724 1834 aliu
747 1789 846 1852 quam
875 1768 1033 1851 plurima,
1063 1774 1097 1834 et
1124 1790 1184 1834 nec
1212 1770 1341 1852 signum

143 1895 184 1939 ex
215 1874 345 1939 ossibus
376 1880 435 1940 aut
466 1896 506 1939 cx
537 1874 671 1957 pulvere
703 1893 816 1938 eorum
847 1871 1053 1938 invenerunt.
1096 1873 1143 1937 Et
1171 1871 1231 1936 sub
1254 1872 1343 1936 omni

142 1979 355 2045 festinatione
378 1985 584 2045 revertentes
608 1978 795 2045 retulerunt
816 1999 902 2061 quae
924 1976 1087 2042 viderant.

231 2109 353 2176 ⁶Tunc
389 2131 538 2175 moerore
575 2111 676 2174 nimio
714 2108 914 2174 conturbata
951 2112 1003 2173 est
1038 2107 1144 2172 omnis
1177 2127 1345 2191 synagoga

144 2233 272 2297 eorum,
303 2218 337 2278 et
365 2213 520 2279 dixerunt
546 2212 589 2278 ad
620 2214 777 2278 invicem:
814 2210 903 2297 Quid
934 2210 1118 2279 faciemus?
1162 2209 1281 2275 Annas
1312 2215 1346 2274 et

145 2316 290 2401 Caiphae
312 2318 483 2384 dixerunt:
515 2317 711 2402 Dirigsmus
738 2316 796 2382 ubi
825 2316 1007 2381 audivimus
1035 2336 1091 2380 eos
1114 2336 1201 2397 esse,
1232 2316 1344 2380 mitta·

144 2442 283 2504 musque
311 2421 354 2488 ad
383 2444 441 2487 eos
464 2423 552 2486 viros
575 2421 615 2486 de
644 2419 874 2503 nobilioribus,
906 2425 1062 2503 rogantes
1089 2439 1147 2483 eos
1175 2424 1209 2482 et
1232 2418 1346 2502 depre-

148 2528 280 2588 cantes:
312 2522 452 2589 forsitan
474 2521 697 2607 dignabuntur
718 2521 828 2586 venire
857 2520 899 2586 ad
926 2542 995 2586 nos.
1039 2519 1133 2585 Tunc
1156 2521 1348 2585 direxerunt

147 2624 189 2690 ad
212 2647 269 2690 eos
290 2624 508 2692 Nicodemum
530 2633 564 2690 et
586 2625 708 2708 Ioseph
737 2630 771 2689 et
798 2629 867 2688 tres
889 2625 976 2689 viros
1003 2624 1152 2691 rabbites
1174 2623 1348 2691 Galilaeos

149 2823 362 2831 *-

149 2958 177 3022 (c
194 2975 238 3009 om
257 2977 295 3010 or.
313 2976 372 3016 uo.,·
395 2975 411 3010 Α
430 2958 498 3007 oceli
514 2957 609 3015 nostri)
628 2973 666 3008 eo.
682 2957 824 3019 potes-imus
842 2957 871 3019 (Δ
885 2956 1030 3020 potuerint)
1054 2956 1057 3019 Ι
1082 2962 1142 3007 tuuc
1159 2974 1209 3022 per
1225 2974 1290 3008 orm.
1309 2975 1348 3009 ue·

149 3061 205 3094 nm
227 3051 265 3093 cst
281 3045 347 3108 quod
374 3043 403 3105 (Β
424 3059 487 3091 vera
508 3047 566 3091 sunt
589 3041 663 3105 quae)
686 3067 695 3078 ·
714 3042 943 3090 iuoeuimtesoero
962 3041 1319 3102 (scemmenstete)
1339 3073 1348 3084 -

149 3133 250 3180 minime
274 3131 303 3193 (e
327 3131 381 3193 om)
403 3131 487 3179 omnia
511 3130 539 3191 (e
563 3128 617 3189 om)
641 3130 746 3178 mentita
771 3129 800 3190 (B
821 3129 892 3178 uobis
913 3129 1021 3189 mentiti)
1043 3133 1102 3177 suut
1125 3166 1132 3179 .
1154 3166 1161 3179 .
1185 3142 1200 3180 c
1224 3135 1349 3195 corrupte

151 3219 203 3267 sic:
228 3223 253 3266 et
276 3218 327 3279 ipsi
348 3223 455 3266 narrem
478 3216 550 3265 uobis
572 3217 648 3272 baem
673 3219 741 3264 certe
763 3230 812 3263 uon
835 3218 873 3263 eet
896 3216 942 3263 boc
959 3230 1037 3263 sam
1054 3218 1146 3262 meotis
1164 3215 1224 3279 quia
1241 3232 1291 3265 aon
1307 3215 1349 3264 de·

150 3302 219 3352 beret
242 3305 353 3353 credere.
391 3303 515 3366 Alioquin
534 3304 663 3352 credemus
680 3303 740 3366 quia
759 3318 823 3365 puae
840 3294 917 3366 usque
933 3318 999 3351 nuuc
1016 3303 1088 3350 dicto
1107 3307 1177 3360 unt,
1200 3319 1254 3351 cere
1272 3306 1350 3354 irrita

149 3395 174 3439 et
190 3403 267 3438 oona.

235 3495 263 3542 4.
301 3493 369 3542 llum
390 3492 443 3542 sub.
463 3496 521 3542 urio
544 3492 572 3555 (e
591 3490 685 3553 accito)
704 3491 811 3540 romilio
829 3492 894 3554 (sic)
912 3517 922 3527 ·
940 3494 1056 3541 tenentes
1073 3506 1131 3541 cunt
1151 3504 1185 3542 nt
1205 3527 1235 3542 ..
1255 3506 1270 3544 e
1289 3493 1349 3542 Ele·

147 3584 240 3643 gerunt
258 3579 344 3642 itaque
368 3579 439 3627 uiros
453 3566 541 3628 ‘iudos
562 3579 601 3626 de.
622 3581 674 3628 tou.
705 3579 710 3640 Ι
739 3579 840 3643 Μαάθ
858 3577 901 3625 illi
921 3579 951 3625 de
974 3593 995 3627 r.
1016 3593 1074 3626 cum
1093 3591 1127 3628 ue
1147 3582 1213 3628 ..Ὅ
1232 3579 1351 3628 Carinum

149 3668 174 3712 et
192 3661 310 3711 Lentim
328 3679 381 3710 esse
397 3663 532 3728 defunctos
546 3662 551 3725 Ι
566 3667 591 3711 et
608 3662 733 3725 sepultor.
754 3663 781 3726 (c
799 3662 919 3726 sepulcra
936 3662 1032 3722 eorum)
1049 3662 1093 3710 ubi
1110 3678 1144 3713 ee.
1162 3679 1184 3711 s.
1204 3662 1231 3724 (c
1240 3664 1352 3728 sumat

146 3748 240 3812 positi)
258 3755 288 3798 et
304 3749 443 3813 dils‘penter
461 3766 519 3799 cum
537 3764 571 3801 sc
591 3786 621 3800 ..
641 3762 659 3800 Β
676 3754 705 3798 st
721 3750 861 3813 diligenter
878 3749 1001 3812 sepultor.
1020 3765 1106 3798 eorum
1121 3751 1126 3811 Ι
1142 3751 1247 3800 Perreu.
1265 3752 1352 3815 itaqu

148 3834 212 3883 ibid.
234 3835 261 3898 (c
279 3835 332 3884 add
354 3837 382 3884 tu
404 3835 530 3899 sepulcris
551 3834 648 3896 eorum)
670 3859 680 3869 ·
702 3835 855 3884 demittens
873 3835 901 3897 (c
919 3833 1009 3895 morte)
1028 3849 1080 3884 eor.
1098 3835 1208 3882 oderant
1228 3832 1256 3895 (c
1272 3836 1351 3884 intor-

149 3919 242 3982 θωπί)
264 3923 290 3968 et
317 3920 426 3984 pedibus
451 3945 461 3955 ·
484 3921 682 3982 pernumerant
708 3919 772 3983 (pro
796 3920 838 3968 his
862 3919 981 3968 breviter
1004 3931 1019 3968 c
1042 3922 1067 3967 et
1090 3919 1209 3968 uidem
1232 3918 1352 3982 quomodo

148 4007 257 4066 sumet
273 4005 380 4068 sepulti)
399 4031 409 4041 ·
427 4021 502 4069 quum
517 4005 633 4067 plurima
651 4021 710 4055 cum
725 4018 759 4055 sc
773 4041 780 4054 .
795 4040 801 4054 .
817 4007 907 4069 paullo
927 4004 1033 4053 brevior
1051 4008 1094 4053 est
1110 4014 1128 4053 n
1143 4001 1147 4065 Ι
1164 4004 1353 4057 emanantes

150 4095 235 4141 ostem
253 4108 308 4140 oum
317 4092 491 4157 seminatione

239 4196 265 4247 ὅ.
302 4212 387 4246 eorum
405 4232 432 4248 ..
451 4210 468 4248 s
486 4196 639 4246 Iudaeorum
663 4194 668 4257 Ι
692 4208 707 4246 e
725 4210 767 4244 om
791 4197 860 4244 Anu.
879 4199 904 4242 et
923 4195 967 4242 Ca.
985 4195 1040 4243 dab.
1064 4189 1070 4260 Ι
1093 4194 1180 4257 Dis-ip.
1201 4194 1229 4258 (c
1247 4193 1300 4243 edd
1318 4195 1353 4243 ud

149 4283 207 4346 eos)
225 4284 269 4332 ubi
286 4309 295 4319 -
313 4285 345 4332 de
362 4278 529 4334 notitiortbuu
546 4282 575 4346 (s
592 4282 773 4343 nobilissimos)
792 4298 850 4331 cum
869 4294 903 4332 cs
922 4316 952 4331 ..
971 4293 988 4331 Β
1006 4281 1094 4344 Diriy.
1111 4282 1181 4330 viror
1197 4281 1306 4339 nobiles,
1325 4286 1354 4331 ut

149 4372 274 4421 audiam.
292 4387 336 4420 eos
357 4388 411 4420 eece
431 4372 436 4432 Ι
451 4372 572 4435 sortitae
593 4369 697 4433 dtpnub.
717 4383 775 4418 eum
795 4380 828 4419 Bc
848 4405 854 4418 .
871 4404 877 4418 .
897 4382 915 4419 Α
932 4371 961 4417 ut
974 4369 1095 4433 forsitam
1112 4369 1281 4431 dignumne·
1294 4371 1300 4426 Ι
1314 4369 1353 4418 di·

148 4461 275 4508 ruerunt
293 4491 324 4508 ..
343 4468 360 4506 Β
377 4456 468 4506 mer.
485 4454 490 4521 Ι
507 4456 565 4505 Nic.
580 4459 606 4504 et
623 4458 676 4504 Ios.
696 4469 755 4502 cum
774 4465 791 4503 Β
811 4489 817 4503 .
834 4488 841 4502 .
861 4467 876 4504 c
894 4452 948 4503 add
962 4457 1054 4517 patrer
1071 4460 1097 4503 et
1113 4455 1265 4509 sacedotes,
1283 4468 1301 4504 Δ
1312 4470 1352 4502 aa·

1084 4555 1141 4606 ‘w
