2962 4912
140 278 202 340 426
492 279 620 330 EVANG.
639 279 816 330 NICODEMI
840 280 926 331 PARS
945 280 983 333 11.

141 436 355 514 cumstanteS,
386 429 496 497 audite
524 453 612 498 meas
640 432 828 498 sententias.
872 432 914 497 In
936 432 1036 498 terris
1058 455 1133 498 cum
1157 454 1277 516 essem,
1304 443 1334 500 et

140 535 279 601 docente
302 558 353 602 me
376 535 495 620 spiritu
519 541 647 616 sancte,
674 536 709 600 in
732 536 908 620 prophetia
929 535 970 602 de
992 537 1057 603 hoc
1080 536 1188 602 cecini
1215 537 1333 604 lumine

140 641 220 724 quia
250 642 393 725 populus
421 643 479 726 qui
511 640 647 707 sedebat
677 641 712 706 in
743 640 891 707 tenebris
918 642 1002 707 vidit
1030 641 1144 708 lumen
1175 664 1333 727 magnum,

139 743 368 809 habitantibus
397 745 431 808 in
459 745 596 828 regione
625 743 761 810 umbrae
789 744 908 810 mortis
930 743 986 809 lux
1010 749 1085 810 orta
1106 750 1159 810 est
1181 744 1239 809 eis.
1283 746 1333 814 Ad

140 847 233 912 euius
263 869 379 913 vocem
410 853 505 932 prater
535 847 646 913 Adam
680 853 713 913 et
749 869 862 913 omnes
899 848 1049 913 conversi
1085 847 1334 931 interrogabant

141 972 228 1015 eum:
256 949 307 1016 Tu
330 952 403 1035 quis
426 951 483 1017 es?
507 952 586 1036 quia
607 973 684 1016 vera
706 955 784 1016 sunt
805 973 890 1036 quae
912 950 1067 1035 loqueris.
1112 951 1165 1016 At
1186 950 1246 1016 ille
1267 950 1334 1018 sub

140 1057 280 1140 iungens
303 1058 350 1122 ait
371 1058 479 1124 Isaiae
502 1080 562 1142 ego
587 1080 658 1122 sum
681 1058 822 1123 nomine.

226 1177 347 1243 ²Tunc
369 1178 523 1261 apparuit
547 1178 632 1244 alius
658 1178 751 1243 iuxta
777 1200 852 1243 eum
874 1179 970 1263 quasi
998 1178 1185 1244 eremicola
1231 1177 1333 1263 Quem

139 1279 382 1363 interrogantes
410 1279 580 1345 dixerunt:
611 1278 663 1344 Tu
690 1280 765 1363 quis
793 1302 842 1361 es,
873 1281 931 1364 qui
959 1280 1039 1346 talia
1066 1286 1178 1364 gestas
1206 1279 1242 1345 in
1268 1301 1335 1346 cor·

140 1384 245 1468 pore?
282 1384 333 1449 At
359 1383 415 1449 ille
443 1389 634 1449 constanter
664 1384 851 1468 respondit:
883 1385 957 1468 Ego
986 1407 1058 1450 eum
1085 1384 1256 1450 Iohannes
1282 1383 1334 1450 ba-

140 1489 255 1572 ptista,
286 1510 350 1554 vox
382 1494 416 1553 et
446 1488 609 1571 propheta
639 1488 800 1554 altissimi.
849 1489 924 1572 Ego
956 1488 1080 1571 praeiri
1111 1493 1189 1553 ante
1221 1487 1334 1555 faciem

139 1591 265 1657 domini
295 1591 441 1657 eiusdem
473 1595 510 1655 ut
536 1589 667 1656 deserta
698 1597 731 1656 et
761 1612 879 1675 aspera
907 1590 941 1654 in
964 1591 1032 1656 vias
1059 1592 1176 1674 planas
1204 1613 1334 1675 perage·

141 1717 219 1759 rem.
264 1694 339 1776 Ego
371 1714 491 1776 agnum
520 1694 646 1759 domini
678 1701 711 1760 et
738 1694 790 1761 dei
822 1694 925 1760 filium
957 1693 1204 1779 Ierosolymitis
1233 1694 1334 1778 digito

141 1821 213 1865 meo
239 1798 368 1864 ostendi
391 1805 425 1863 et
448 1799 632 1865 clarificavi.
675 1801 750 1885 Ego
773 1801 938 1885 baptizavi
961 1823 1035 1866 eum
1058 1800 1093 1865 in
1111 1799 1259 1867 Iordane
1281 1800 1334 1867 tlu-

140 1904 237 1969 mine.
281 1904 357 1986 Ego
380 1925 494 1970 vocem
522 1905 628 1987 patris
650 1904 690 1970 de
719 1906 809 1971 caelo
834 1927 932 1988 super
955 1928 1029 1971 eum
1051 1905 1262 1972 intonantem
1283 1929 1333 1972 au·

140 2009 206 2074 divi
239 2014 273 2072 et
304 2007 561 2090 proclamantem
593 2007 663 2074 Hic
694 2016 744 2075 est
774 2009 860 2075 filius
891 2031 984 2075 meus
1008 2009 1170 2092 dilectus,
1207 2011 1241 2075 in
1273 2033 1333 2095 qno

139 2111 220 2176 mihi
243 2109 328 2175 bene
350 2109 559 2194 complacuit.
602 2111 677 2195 Ego
702 2111 742 2177 ab
767 2135 805 2178 oo
828 2133 1022 2196 responsum
1043 2112 1157 2196 accepi
1174 2113 1333 2197 quiaipse

140 2215 359 2281 descensurus
381 2222 468 2279 esset
489 2215 530 2280 ad
554 2216 687 2281 inferos

224 2334 320 2400 Tunc
355 2341 449 2418 pater
486 2336 595 2402 Adam
633 2337 770 2402 audiens
806 2337 871 2401 ista
908 2335 1061 2402 clamavit
1096 2358 1178 2403 voce
1221 2359 1334 2420 magna

139 2440 287 2506 Alleluia
309 2440 557 2526 conclamitans,
580 2441 670 2526 quod
693 2442 946 2524 interpretatur:
976 2441 1144 2508 Dominus
1168 2441 1261 2506 venit
1282 2464 1333 2525 per

140 2566 257 2609 omnia.

142 2724 353 2732 ————-—.

140 2843 167 2903 (c
185 2842 237 2891 add
257 2842 283 2889 in
301 2841 419 2905 corpore)
438 2845 462 2889 et
482 2876 511 2890 ..
532 2853 547 2890 a
567 2858 607 2889 om
626 2845 651 2890 et
675 2842 679 2905 Ι
704 2854 781 2891 Rom
800 2842 827 2889 in
842 2823 979 2905 proplietia
1003 2842 1007 2898 Ι
1031 2841 1092 2904 quta
1110 2839 1138 2901 (Β
1158 2841 1213 2904 om)
1227 2842 1331 2905 populns

139 2955 149 2962 -
168 2928 250 2975 tuamen
268 2944 350 2990 anagn.
370 2926 396 2987 (c
415 2927 494 2975 laram
512 2925 654 2989 magnam),
677 2927 827 2975 babitantib.
848 2926 876 2987 (Β
894 2924 1069 2988 ambulantib.)
1088 2952 1098 2961 ·
1116 2930 1155 2975 eet
1172 2929 1211 2976 eir
1228 2943 1286 2976 cum
1302 2940 1329 2979 bc

141 3049 170 3063 ..
195 3030 212 3065 n
231 3014 291 3077 quia
313 3031 374 3076 pop.
394 3014 437 3077 qni
460 3014 607 3062 ambulabat
624 3015 650 3062 in
668 3018 717 3062 ten.
737 3015 782 3062 tua
799 3019 859 3063 orta
876 3017 913 3062 ert
930 3013 980 3071 ein,
1008 3017 1065 3061 turn
1090 3013 1181 3077 pergit
1204 3013 1248 3062 hin
1270 3029 1329 3077 quae

140 3097 231 3146 eadem
251 3111 266 3148 c
285 3097 362 3146 addit
386 3101 411 3145 et
432 3099 459 3145 in
476 3097 578 3160 regiona
595 3098 685 3146 martin
701 3096 869 3146 habitantium
893 3096 945 3158 (nia
962 3097 1088 3160 uterque)
1112 3096 1198 3144 rident
1222 3097 1249 3156 (c
1271 3098 1329 3145 cide·

139 3182 210 3244 runt)
227 3183 339 3246 gloriam
357 3182 399 3231 dei
417 3183 580 3245 perlucidam
599 3181 604 3243 Ι
626 3183 739 3231 converet
759 3218 788 3232 ..
809 3182 923 3246 cpauirt
938 3185 942 3241 Ι
958 3182 1018 3246 quia
1036 3179 1063 3244 (c
1082 3180 1135 3242 om)
1155 3198 1217 3231 nera
1235 3186 1291 3231 sunt
1306 3181 1329 3244 (c

139 3269 190 3318 add
210 3268 271 3330 iata)
293 3286 356 3332 quae
375 3284 432 3317 cum
453 3283 486 3320 sc
506 3305 534 3318 ..
556 3269 634 3332 Bqur'

223 3375 249 3420 2.
287 3371 328 3421 Cf.
348 3368 372 3422 Α
392 3372 427 3429 11,
446 3376 471 3422 3.
502 3387 517 3423 s
539 3373 639 3436 quidam
658 3373 738 3430 aliur,
762 3372 866 3420 omissis
884 3372 957 3420 turta
974 3387 1028 3420 eum
1047 3371 1052 3433 Ι
1073 3387 1091 3423 a
1109 3387 1151 3419 om
1171 3367 1328 3434 baptisteria

138 3461 197 3506 ante
206 3458 266 3522 sae.
287 3458 367 3507 eiusad.
385 3459 452 3508 dom.
471 3459 498 3507 in
515 3460 614 3508 deserto
633 3474 727 3520 aspera
744 3458 800 3506 aian
814 3457 911 3520 planae
926 3473 1048 3521 peragere
1064 3455 1068 3519 Ι
1084 3473 1143 3521 apa.
1164 3455 1327 3505 dominicum

137 3559 171 3595 nc
191 3580 220 3594 ..
241 3558 257 3594 n
276 3561 334 3608 apn.
355 3547 398 3594 dei
418 3549 422 3600 Ι
443 3560 477 3596 ns
496 3546 653 3595 ierosolimis
674 3546 678 3602 Ι
699 3549 724 3592 et
742 3544 886 3610 clarificavi
910 3561 966 3593 cum
985 3560 1001 3595 s
1023 3580 1052 3593 ..
1073 3557 1089 3594 Β
1107 3560 1149 3593 om
1169 3578 1198 3591 ..
1219 3544 1328 3593 cutem

137 3631 206 3679 Erre
223 3646 304 3693 agnus
322 3632 372 3686 dei,
391 3648 446 3679 ecca
464 3632 507 3694 qui
524 3631 594 3679 tollit
608 3635 718 3695 peccata
735 3631 829 3679 maadi.
865 3630 900 3677 Tu
918 3647 935 3678 a
951 3647 988 3678 nna
1006 3630 1230 3692 peristomium,
1248 3633 1272 3677 et
1288 3645 1327 3692 ege

138 3734 155 3765 a
172 3722 197 3765 te
214 3719 289 3766 debeo
308 3718 443 3780 baptizari.
480 3718 544 3766 Tum
567 3718 638 3766 idem
662 3720 752 3782 pergit
775 3719 813 3766 Et
834 3719 892 3766 dum
915 3718 1070 3782 baptizarem
1092 3733 1146 3766 eum
1169 3718 1198 3765 in
1215 3718 1326 3772 Iordane,

137 3803 326 3852 audivivocem
344 3804 375 3851 dc
394 3802 464 3850 ‹faelo
482 3819 558 3867 nuper
575 3819 630 3852 cnm
649 3803 804 3854 intonantem
823 3803 876 3852 Hie
893 3805 931 3850 ert
949 3807 1001 3851 etc.
1017 3805 1022 3860 Ι
1041 3814 1059 3852 Β
1077 3801 1220 3863 connplacui

226 3906 293 3954 tbnr
312 3911 388 3970 pater
406 3907 491 3954 Adam
509 3911 553 3956 etc
573 3942 579 3956 .
599 3943 606 3956 .
626 3922 641 3959 c
660 3908 712 3957 sict
740 3907 807 3956 Tunc
826 3923 871 3969 pa.
892 3907 941 3955 Ad.
960 3922 1013 3954 mum
1033 3905 1096 3954 aliia
1113 3907 1327 3968 interrogaverunt

137 4006 191 4038 earm
216 3990 252 4037 tb
271 3992 327 4053 quin
348 4008 386 4047 es,
412 3991 455 4054 qui
479 3991 546 4039 tatia
568 3992 644 4055 egisti
666 3993 693 4039 in
717 3992 840 4054 corporet
860 3993 912 4039 nt
933 3989 980 4038 ille
999 3992 1123 4040 lebannes
1141 3989 1252 4050 baptista
1269 4005 1325 4038 mm.

139 4077 246 4140 Cumque
264 4078 376 4126 ruadmunt
392 4081 468 4139 pater
486 4082 572 4128 noster
590 4079 682 4136 Adam,
705 4095 762 4128 voce
781 4096 872 4142 magna
890 4077 1010 4126 olannavit
1029 4077 1154 4136 Alleluia,
1173 4077 1237 4141 quod
1254 4076 1325 4124 inter·

136 4168 255 4225 pretatur
272 4165 343 4214 Deus
359 4165 435 4216 venit.
