2962 4912
600 338 874 390 PROLEGOMENA.
1252 357 1343 403 mn

157 497 293 572 alliano,
314 512 376 575 pro
399 491 505 574 ipsius
527 489 631 555 Pilati
654 492 738 555 actis
762 490 899 557 Caesari
914 494 955 555 ‘et
977 490 1153 555 destinatis
1176 496 1210 556 et
1231 493 1341 558 missis

157 606 311 686 habebant,
337 624 377 668 ea
399 604 536 687 inquam
558 602 625 667 iam
647 601 779 667 Iustino
803 599 943 685 magnac
965 602 1177 667 auctoritatis
1201 623 1273 668 esse
1295 603 1342 668 vi·

156 720 308 799 dabantur,
332 736 433 799 quam
455 715 571 797 utiquo
594 734 661 778 non
683 713 852 778 habebant
873 714 938 779 nisi
961 713 1003 779 ab
1026 735 1065 779 eo
1089 712 1179 796 quod
1200 734 1282 796 prae
1305 735 1341 780 se

155 829 287 913 ferebant
308 827 441 892 nomine
464 826 582 907 Pilati,
610 825 733 908 quippe
756 825 852 890 testis
874 825 924 890 rei
946 831 1060 909 gestae
1083 826 1284 909 gravissimi,
1307 830 1341 891 at

153 942 196 1025 qni
220 939 308 1004 idem
336 943 374 1002 nt
402 936 532 1002 videtur
560 957 581 1001 a
603 936 735 1001 Iustino
764 957 882 1002 suasor
905 936 1009 1001 libelli
1030 936 1164 1020 publico
1187 939 1263 1002 usui
1284 937 1341 1002 de·

151 1051 251 1118 atinati
279 1049 486 1115 credebatur.
536 1047 572 1114 Si
600 1049 704 1131 igitur
731 1068 845 1113 verum
873 1049 1078 1131 quaerimus,
1105 1048 1161 1114 ille
1189 1054 1340 1114 actorum

149 1164 218 1229 liber
248 1160 354 1226 Pilati
391 1181 512 1226 nomen
549 1166 584 1225 et
621 1162 857 1225 auctoritatem
894 1153 969 1225 'cum
1000 1161 1071 1225 eius
1101 1161 1235 1226 nomine
1266 1181 1341 1226 con-

147 1276 281 1341 iunctam
313 1272 538 1356 usurpabant,
574 1273 639 1337 etsi
669 1271 711 1337 ab
742 1272 875 1337 homine
908 1270 1101 1338 Christiano
1134 1273 1340 1355 conscriptus

145 1391 220 1464 erat,
251 1385 306 1449 cui
328 1384 423 1449 illum
445 1384 657 1449 auctoritatis
681 1380 864 1466 quicquam
882 1404 961 1448 suae
985 1384 1165 1449 contulisse
1187 1384 1263 1450 fidei
1286 1385 1341 1451 ab·

143 1517 250 1562 acuum
273 1500 334 1561 eet.

217 1605 287 1675 Sed
310 1606 424 1671 eadem
447 1611 523 1671 acta
544 1626 621 1671 mox
643 1606 732 1670 inter
748 1605 960 1672 Christianos
976 1606 1058 1669 satis
1074 1605 1243 1688 divulgata
1257 1627 1340 1690 esse,

140 1722 209 1803 post
230 1716 402 1782 Iustinum
426 1723 460 1782 et
481 1717 726 1782 Tertullianum
748 1717 915 1782 Eusebius
937 1716 1014 1782 hist.
1037 1716 1115 1782 eccl.
1136 1716 1239 1796 11‚2.,
1260 1718 1340 1800 Epi·

140 1829 275 1914 phanias
299 1829 428 1894 haeres.
448 1827 493 1908 L,
516 1832 542 1893 1.
566 1828 691 1911 aliique
714 1828 811 1893 multi
833 1834 1009 1894 testantur.
1053 1828 1149 1894 Haec
1171 1828 1274 1910 igitur
1296 1850 1339 1893 an
1370 1810 1379 1828 ’

140 1941 248 2007 eadem
275 1961 316 2005 ae
337 1946 454 2006 nostra
476 1939 601 2004 fuerint
624 1941 805 2022 quaeritur.
850 1939 978 2024 Quodsi
1001 1939 1116 2005 eadem
1138 1939 1241 2004 fuisse
1264 1959 1340 2004 con·

139 2051 267 2118 tendere
298 2052 514 2116 temerarium
543 2050 712 2134 plerisque
740 2050 921 2132 videbitur,
953 2051 1083 2116 diversa
1111 2051 1214 2116 fuisse
1241 2071 1338 2114 nemo
1436 2036 1440 2044 ’

140 2163 384 2229 demonstrabit.
423 2162 659 2246 Quaecumque
675 2163 764 2227 anim
779 2162 856 2227 inde
871 2162 1084 2244 protulerunt
1097 2168 1236 2245 veteres,
1257 2183 1338 2245 quo·

140 2296 204 2340 rum
226 2274 382 2357 inprimis
403 2273 536 2338 videndi
560 2279 637 2337 sunt
659 2272 812 2338 Iustinus
821 2275 846 2355 1)
871 2279 904 2338 et
925 2272 1151 2338 Tertullianus
1163 2273 1199 2356 ¹),
1223 2273 1338 2338 eadem

140 2388 167 2451 in
187 2386 316 2450 nostris
339 2386 553 2450 inueniuntur
576 2386 668 2450 actis.
707 2385 878 2469 Quaeres
900 2406 967 2450 nou
989 2387 1082 2468 parvi
1103 2387 1263 2449 momenti
1278 2390 1337 2450 est.

217 2541 241 2607 ¹)
261 2541 303 2592 Cf.
323 2543 436 2608 apolog.
450 2543 473 2601 1,
492 2544 535 2592 35.
554 2558 616 2607 pag.
630 2542 672 2593 76.
698 2538 752 2590 l<ni
773 2535 848 2609 μετὰ
867 2535 903 2590 τὸ
924 2537 1093 2606 σταυρῶσαι
1113 2535 1207 2608 αὐτὸμ
1227 2538 1337 2610 ὅθαλομ

144 2625 240 2698 slsipop
266 2626 319 2678 ἑωί
337 2624 391 2696 τόμ
410 2623 568 2697 ῖματισμὸμ
588 2624 681 2678 αὐτοῦ
702 2627 744 2677 καὶ
764 2626 940 2696 ἑμερίσαμτο
960 2627 1082 2678 {aurcis
1101 2628 1126 2677 ol
1146 2627 1338 2697 σταυρώσαμ-

143 2730 188 2766 rec
209 2710 315 2784 αὐτόμ.
352 2713 392 2764 καὶ
416 2711 515 2764 ταῦτα
534 2712 578 2763 ὅτι
597 2711 714 2781 γέγομε,
735 2707 864 2782 ὁύμασθε
884 2713 985 2782 μαθεῖμ
1005 2712 1036 2764 ἑκ
1053 2710 1117 2781 τώμ
1137 2711 1188 2765 ἑωί
1208 2713 1339 2782 Πομτίου

145 2795 265 2852 liuldrou
283 2798 462 2869 γεμομὲμωμ
482 2794 591 2868 ἄκτωρ,
616 2801 656 2852 Cf.
679 2803 749 2850 Gerr.
764 2801 818 2851 Pr'l.
837 2818 879 2866 pr.
894 2802 919 2849 A
931 2801 962 2859 X,
977 2805 1000 2853 1.
1024 2802 1046 2851 Β
1060 2801 1091 2859 X,
1104 2804 1130 2852 3.
1167 2803 1246 2852 Alter
1263 2804 1339 2860 locus

144 2887 232 2938 Instini
252 2892 295 2938 cst
309 2888 386 2951 Apol.
399 2886 421 2945 1,
434 2888 477 2936 48.
489 2903 516 2950 p.
531 2888 573 2935 84.
595 2881 666 2935 Ὅτι
686 2881 718 2933 δὲ
739 2883 780 2934 καί
800 2879 999 2952 θεραωεύσεψ
1017 2877 1128 2934 mdccc
1145 2879 1204 2935 τάσ
1224 2876 1339 2953 μόσουσ

145 2970 177 3021 sni
196 2965 319 3039 μεκρούσ
337 2968 488 3040 ἁμεγερεῖμ
509 2968 526 3019 ὂ
546 2968 695 3039 ἡμέτεροσ
708 2960 1086 3037 Χριστὸσωροεῲμτεύθμ,
1105 2964 1256 3020 ἀκούσατε
1273 2966 1337 3038 τῶμ

144 3054 337 3124 λελεγμέμωμ.
362 3054 424 3105 ἔστι
445 3051 591 3105 δὲταῦτα
602 3052 648 3122 Tr}
667 3054 821 3121 ωαρουσίᾳ
840 3052 932 3106 αὐτοῦ
951 3053 1062 3106 ὀλεῖται
1081 3051 1188 3121 χωλὸσ
1206 3056 1254 3105 dau
1272 3054 1338 3107 ἐλα-

145 3139 198 3208 ᾡοσ
216 3175 247 3185 ..
268 3139 310 3190 καὶ
330 3134 595 3208 ωεριωατήσουσψ
621 3142 710 3205 (lessi.
729 3145 807 3201 35,4
830 3143 908 3207 sqq.).
935 3137 978 3191 ὅτι
1002 3139 1034 3190 δὲ
1057 3137 1153 3191 ταῦτα
1180 3139 1339 3209 ἑωοίκσεμ,

143 3227 168 3278 ἐκ
183 3223 245 3295 τώμ
264 3224 316 3275 &mi
336 3224 464 3295 Πομτῑου
479 3217 610 3275 Πιλάτου
621 3224 799 3295 γεμομὲμωμ
813 3222 913 3296 ᾶκτωμ
928 3226 1029 3296 μαθεῖμ
1043 3221 1180 3296 disposta.
1206 3226 1248 3278 Cf.
1265 3229 1336 3278 θεαί.

143 3316 186 3367 ru
203 3314 341 3365 v-vl11.

217 3398 241 3464 ἵ)
261 3401 288 3450 Is
308 3402 451 3466 Apologet.
463 3403 507 3450 21.
527 3401 623 3451 scribit
642 3401 730 3450 Iesum
750 3417 781 3451 ex
800 3401 903 3451 invidia
921 3403 1107 3467 magistrorum
1123 3402 1282 3451 Iudaeorum
1296 3400 1337 3449 Pi-

142 3489 190 3538 lsto
213 3487 358 3544 traditum,
385 3486 419 3536 ab
445 3487 495 3535 hoc
518 3487 649 3536 violentis
674 3487 858 3551 suffragiorum
877 3488 950 3537 victo
973 3488 1045 3536 cruci
1064 3485 1276 3546 esse'deditnm;
1305 3486 1338 3536 ds

104 3567 105 3570 ’
142 3584 210 3621 ernas
234 3571 400 3634 pendentem
426 3571 548 3634 spiritum
572 3586 631 3620 cnm
649 3572 730 3621 verbo
754 3579 852 3635 sponte
871 3573 1004 3629 amisisse,
1032 3574 1179 3634 praevento
1204 3571 1337 3620 carnificis

141 3656 237 3717 officim
264 3656 358 3705 eodem
383 3662 519 3705 momento
543 3655 657 3704 mediam
680 3656 750 3705 diem
774 3656 839 3706 solis
862 3656 982 3720 deliquio
1005 3655 1179 3714 subductam,
1205 3657 1337 3725 sepulcro,

140 3756 176 3800 ns,
195 3742 258 3806 quis
277 3755 306 3790 se
324 3746 534 3790 resurrecturum
553 3741 740 3805 praedixisset,
760 3743 936 3791 amolirentur
955 3742 1081 3806 discipuli
1101 3741 1227 3799 cadaver,
1250 3746 1337 3791 custo·

139 3826 203 3876 dism
221 3826 367 3876 militarem
386 3825 515 3883 additam,
534 3825 581 3875 sed
594 3826 639 3876 die
658 3829 741 3877 tertis
759 3835 889 3877 concussa
907 3832 1019 3891 repente
1039 3835 1111 3877 terra
1129 3830 1158 3876 et
1175 3827 1245 3877 mole
1263 3843 1338 3877 rsvo·

139 3912 190 3962 luta
203 3927 273 3976 qnae
285 3912 458 3961 obstruxerat
473 3914 622 3976 sepulcrum
637 3929 734 3976 pavore
748 3913 903 3974 disiectam
923 3915 952 3962 in
971 3914 1094 3977 sepulcro
1115 3915 1183 3964 nihil
1203 3918 1337 3978 repertum

138 4003 239 4061 praeter
263 3998 386 4058 exuvias,
412 4014 427 4047 s
446 3998 579 4062 prioribus
598 4014 693 4062 corpus
712 4006 863 4063 surreptum
882 4016 897 4049 a
916 3999 1057 4064 discipulis
1075 4001 1145 4051 fslso
1169 4001 1336 4059 institutam,

138 4084 219 4146 ipsum
238 4098 303 4132 vero
323 4075 409 4132 Iasum
429 4099 488 4132 cum
507 4083 648 4146 discipulis
667 4084 737 4148 apud
757 4085 903 4134 Galilaesm
923 4085 1038 4135 Iudaeae
1061 4088 1195 4151 regionem
1220 4087 1254 4137 sd
1274 4103 1337 4151 qus·

137 4168 261 4233 draginta
279 4168 338 4218 dies
361 4169 463 4233 egisse,
488 4167 630 4218 docentem
650 4184 695 4218 eos
714 4185 782 4234 qnae
801 4170 945 4232 docerent;
969 4171 1067 4222 dehinc
1091 4167 1223 4222 ordinatis
1246 4173 1284 4222 eis
1303 4172 1337 4221 ad

137 4253 251 4303 officinm
276 4253 450 4317 praedicandi
477 4270 524 4318 per
547 4255 649 4314 orbem,
675 4255 835 4304 circumfusa
857 4257 929 4306 nube
951 4257 980 4306 in
1005 4259 1108 4307 coelum
1127 4271 1186 4305 esse
1204 4261 1335 4321 ereptum.

137 4338 234 4397 Quibus
255 4340 387 4402 expositis
406 4341 445 4388 its
464 4341 552 4404 pergit
575 4341 620 4388 Ec
642 4342 726 4389 omnic
743 4356 819 4402 super
838 4341 938 4391 Christo
956 4343 1072 4400 Pilatus,
1099 4346 1125 4391 et
1144 4343 1199 4404 ipsc
1216 4345 1267 4390 tom
1284 4359 1336 4405 pro

136 4441 179 4473 esc
195 4426 354 4475 molestia
374 4425 540 4485 Obristmuas,
561 4425 667 4475 Caesari
685 4432 744 4475 dunc
764 4426 863 4476 lb'bcrr'o
881 4429 1018 4478 nuntiabit.
