2962 4912
136 349 221 397 ,Μ
600 323 872 377 raoarocuara

222 481 372 547 Fuerunt
394 480 494 546 etiam
510 478 567 561 qui
587 477 628 543 de
650 476 765 561 lingua
787 476 1001 542 dissentirent
1019 497 1086 560 qua
1108 481 1224 543 auctor
1247 480 1340 542 acto·

136 616 210 660 rum
236 592 341 658 Pilati
367 611 445 656 usus
473 593 568 655 esset.
613 589 702 654 Aliis
730 589 818 655 enim
848 588 1054 668 hebraicum,
1085 588 1160 653 aliis
1187 588 1338 666 latinum,

23 710 26 714 ⁴
137 706 212 772 aliis
242 725 396 788 graecrnn
428 702 644 784 archetypum
671 700 806 784 placuit.
850 700 965 783 Atque
993 700 1035 764 iis
1062 700 1196 783 quidem
1217 699 1338 782 quibus

137 816 290 884 hebraice
317 814 477 896 scriptum
499 812 687 892 videbatur,
719 812 831 878 neseio
854 832 897 875 an
919 810 1029 877 fucum
1053 811 1169 876 fecerit
1196 810 1338 876 assertio

136 927 276 1012 prologi.
320 925 373 990 Ila
393 945 472 990 uero
496 944 562 989 non
585 923 660 1006 plus
683 923 833 988 veritatis
856 922 957 988 habet
979 943 1079 1006 quarn
1094 922 1184 1005 quod
1206 925 1258 986 tot
1281 921 1339 986 alii

136 1039 212 1105 libri
232 1036 424 1120 apocryphi,
444 1040 485 1101 ut
498 1035 639 1101 historia
653 1033 790 1118 Iosephi
803 1035 946 1117 lignarii,
969 1037 1007 1098 ut
1021 1032 1339 1100 Pseudo-Matthaei

138 1148 357 1232 evangelium,
385 1153 423 1211 ut
444 1146 577 1212 Abdiae
598 1147 758 1212 historiae
781 1146 999 1228 apostolicae,
1028 1146 1151 1229 quippe
1178 1145 1339 1211 maiorem

137 1261 213 1327 fidei
246 1260 388 1343 speciem
420 1258 632 1339 affectantes,
666 1281 706 1323 ex
736 1259 892 1324 hebraico
924 1277 958 1322 se
990 1257 1171 1322 translatos
1201 1255 1339 1340 fingunt.

138 1372 232 1456 Quae
255 1373 422 1436 enimvero
449 1371 573 1453 passim
601 1370 749 1436 hebraici
776 1371 1010 1453 potiusquam
1037 1369 1148 1452 graeci
1176 1368 1339 1433 sermonis

137 1482 281 1548 indolem
305 1482 470 1563 redolent,
501 1503 540 1547 ea
563 1501 698 1564 prorsus
721 1480 889 1563 quadrant
911 1481 945 1544 in
968 1481 1135 1546 hominem
1157 1479 1339 1545 hebraeum

138 1616 255 1679 graece
279 1593 492 1673 scribentem
523 1614 584 1657 nec
606 1613 683 1658 vero
708 1593 885 1675 quicquam
908 1592 1099 1658 hebraicum
1121 1592 1338 1675 archetypum

138 1705 295 1789 postulat,
317 1704 406 1788 quod
428 1725 490 1769 nec
512 1702 644 1768 Iustino
667 1709 726 1768 aut
740 1701 947 1768 Tertulliano
970 1708 1028 1768 aut
1050 1702 1197 1768 Eusebio
1219 1722 1340 1768 memo·

138 1820 248 1881 ratum
270 1819 328 1881 est.
850 1890 854 1901 Ι

223 1925 301 1992 Alii
328 1946 442 1991 rursus
479 1925 582 1990 latine
619 1925 739 1990 librum
770 1925 929 2007 scriptum
960 1946 1032 1989 esse
1064 1924 1187 1991 volunt.
1241 1923 1339 2008 Quod

139 2058 240 2121 quum
261 2037 387 2103 nemini
409 2042 558 2102 veterum
581 2036 615 2103 in
637 2040 781 2101 mentem
803 2036 902 2116 venit,
929 2053 1130 2119 quamquam
1154 2037 1263 2119 ipsum
1284 2035 1339 2100 Pi·

139 2148 244 2213 latum
274 2148 378 2213 latino
410 2148 521 2230 potius
552 2169 652 2230 qnam
683 2147 749 2212 alio
782 2168 933 2214 sermone
963 2148 998 2211 in
1029 2148 1113 2212 actia
1144 2147 1212 2211 suis
1244 2166 1340 2211 usum
1378 2136 1382 2143 ’

140 2259 225 2324 scire
256 2258 437 2339 debebant;
477 2265 547 2324 tum
579 2262 705 2342 pugnat
737 2280 811 2324 eum
841 2259 914 2341 ipso
946 2258 1051 2323 latino
1088 2259 1244 2341 prologo,
1282 2258 1341 2341 qui

139 2391 290 2453 graecam
319 2392 360 2436 ex
387 2370 543 2436 hebraico
572 2371 881 2453 interpretationem
911 2369 1096 2453 profitetur.
1145 2370 1199 2434 Ac
1226 2369 1255 2433 ei
1283 2369 1341 2452 qui

139 2481 226 2547 forte
248 2480 313 2547 loci
335 2481 438 2548 latine
461 2488 632 2564 praestare
655 2482 782 2565 graecis
804 2482 966 2561 videntur,
989 2481 1023 2546 id
1046 2502 1086 2545 ex
1109 2482 1236 2565 graecis
1252 2479 1341 2547 codi-

140 2593 232 2659 cibus
255 2593 393 2658 dirersis
416 2614 437 2658 a
459 2593 598 2675 nostris,
629 2594 686 2675 qui
714 2599 824 2658 aetate
851 2615 918 2658 non
947 2592 1125 2676 excellunt,
1157 2591 1341 2657 derivatum

141 2710 199 2770 est.
243 2703 373 2769 Rursus
405 2704 511 2769 latina
542 2725 654 2787 saepe,
686 2725 805 2787 graeca
832 2683 995 2786 nusquam
1022 2704 1238 2785 interpretem
1266 2723 1343 2786 pro·

140 2814 230 2880 dunt.
263 2812 382 2898 Neque
397 2836 551 2898 graecum
574 2816 790 2897 interpretem
811 2815 913 2880 verba
935 2815 1112 2879 latinitatis
1134 2815 1281 2897 propria,
1304 2820 1343 2879 ut

142 2928 253 3010 σίγμα,
277 2925 437 3010 κούρσωρ,
461 2926 603 2991 fideliter
624 2931 830 2992 retenturum
847 2926 904 2992 sed
919 2929 1080 3009 quantum
1095 2933 1208 3008 posset
1223 2947 1342 3009 graece

140 3008 347 3102 redditurum
369 3035 471 3101 fuisse
494 3037 646 3102 arbitror.

226 3147 394 3216 Graecum
421 3169 499 3214 rero
527 3152 696 3213 auctorem
723 3148 865 3230 primum
896 3148 1014 3214 suadet
1044 3149 1199 3214 universa
1230 3151 1343 3232 graeci

141 3263 251 3324 textus
280 3259 383 3340 ratio,
412 3258 446 3322 in
470 3280 535 3341 quo
563 3280 683 3342 magna
710 3264 857 3324 osteum
881 3259 1058 3341 evangeliis
1081 3259 1249 3324 canonicis
1272 3258 1344 3324 affi-

142 3371 238 3435 nitas.
269 3369 412 3435 Accedit
426 3368 515 3451 quod
530 3370 720 3435 hebraicum
744 3370 960 3453 archetypum
982 3371 1017 3435 in
1040 3370 1172 3435 fictione
1194 3370 1343 3453 positum

142 3503 213 3547 esse
234 3486 366 3546 tanturn
387 3500 454 3546 non
477 3487 602 3546 certum
625 3486 684 3564 est,
707 3487 740 3546 et
763 3481 983 3564 latinumque
1007 3481 1254 3548 commendetur
1275 3503 1344 3547 non

141 3593 250 3657 habet.
288 3591 396 3678 Quam
415 3613 492 3658 vero
517 3598 757 3658 consentaneus
781 3613 918 3676 graecus
942 3614 1049 3659 sermo
1072 3593 1157 3658 libro
1181 3594 1263 3676 ipsis
1286 3614 1346 3676 po·

142 3703 304 3768 tissimum
327 3702 462 3768 Iudaeis
486 3703 652 3768 destinato
677 3703 790 3784 fuerit,
819 3725 920 3786 quum
944 3708 1051 3768 totum
1072 3703 1205 3769 Novum
1227 3703 1345 3771 Testa-

142 3819 288 3879 mentum
318 3819 388 3878 tum
420 3819 472 3880 tot
503 3814 560 3878 alii
592 3815 771 3897 scriptores
800 3815 932 3880 oriundi
954 3838 993 3881 ex
1017 3814 1151 3881 Iudaeis
1174 3822 1208 3882 et
1230 3822 1343 3882 tamen

144 3945 261 4008 graece
299 3924 478 3991 scribentes
515 3925 676 4008 probant,
717 3927 805 3992 inter
842 3947 924 4008 quos
967 3926 1065 3991 Philo
1103 3931 1136 3992 et
1179 3926 1344 4010 Iosephus

144 4036 296 4101 eminent.

229 4146 337 4230 Quam
368 4146 408 4212 de
440 4147 521 4212 actis
553 4147 655 4213 Pilati
687 4150 914 4230 quaestionem
946 4155 1124 4232 antequam
1162 4151 1343 4230 mittamus,

145 4258 368 4341 quaerendum
396 4261 446 4322 est
474 4280 539 4341 quo
571 4264 718 4343 tempore
749 4281 821 4324 eam
851 4260 1011 4326 subierint
1042 4261 1336 4343 interpolationem

143 4372 290 4436 cuicum
312 4368 464 4433 universa
486 4369 628 4453 quadam
653 4371 688 4435 ni
716 4370 813 4436 fallor
841 4372 1078 4439 retractatione
1103 4372 1204 4439 etiam
1227 4373 1338 4456 prolo-
