<?xml version="1.0" encoding="UTF-8"?>
<!DOCTYPE html PUBLIC "-//W3C//DTD XHTML 1.0 Transitional//EN"
    "http://www.w3.org/TR/xhtml1/DTD/xhtml1-transitional.dtd">
<html xmlns="http://www.w3.org/1999/xhtml" xml:lang="en" lang="en">
 <head>
  <title>
</title>
<meta http-equiv="Content-Type" content="text/html;charset=utf-8" />
  <meta name='ocr-system' content='tesseract 3.04.00' />
  <meta name='ocr-capabilities' content='ocr_page ocr_carea ocr_par ocr_line ocrx_word'/>
</head>
<body>
  <div class='ocr_page' id='page_1' title='image "./evangeliaapocry00tiscgoog_0090.png"; bbox 0 0 2962 4912; ppageno 0'>
   <div class='ocr_carea' id='block_1_1' title="bbox 491 1464 992 1570">
    <p class='ocr_par' dir='ltr' id='par_1_1' title="bbox 491 1464 992 1570">
     <span class='ocr_line' id='line_1_1' title="bbox 491 1464 992 1570; baseline 0.01 -4"><span class='ocrx_word' id='word_1_1' title='bbox 491 1464 992 1570; x_wconf 79' lang='lat' dir='ltr'><strong>PRAEFATIO.</strong></span> 
     </span>
    </p>
   </div>
   <div class='ocr_carea' id='block_1_2' title="bbox 138 1924 1343 4012">
    <p class='ocr_par' dir='ltr' id='par_1_2' title="bbox 138 1924 1343 4012">
     <span class='ocr_line' id='line_1_2' title="bbox 228 1924 1343 2010; baseline 0.004 -21"><span class='ocrx_word' id='word_1_2' title='bbox 228 1924 311 2010; x_wconf 83' lang='lat' dir='ltr'><strong>Quis</strong></span> <span class='ocrx_word' id='word_1_3' title='bbox 340 1933 391 1991; x_wconf 88' lang='lat' dir='ltr'><strong>est</strong></span> <span class='ocrx_word' id='word_1_4' title='bbox 422 1927 478 2010; x_wconf 90' lang='lat' dir='ltr'><strong>qui</strong></span> <span class='ocrx_word' id='word_1_5' title='bbox 511 1948 578 1992; x_wconf 91' lang='lat' dir='ltr'><strong>non</strong></span> <span class='ocrx_word' id='word_1_6' title='bbox 605 1927 733 2009; x_wconf 77' lang='lat' dir='ltr'><strong>lugeat,</strong></span> <span class='ocrx_word' id='word_1_7' title='bbox 765 1926 1021 1991; x_wconf 81' lang='lat' dir='ltr'><strong>Constantinum</strong></span> <span class='ocrx_word' id='word_1_8' title='bbox 1051 1926 1090 1993; x_wconf 90' lang='lat' dir='ltr'><strong>de</strong></span> <span class='ocrx_word' id='word_1_9' title='bbox 1119 1926 1343 1994; x_wconf 76' lang='lat' dir='ltr'>TISOHEN-</span> 
     </span>
     <span class='ocr_line' id='line_1_3' title="bbox 159 2037 1341 2122; baseline 0.001 -19"><span class='ocrx_word' id='word_1_10' title='bbox 159 2037 286 2121; x_wconf 81' lang='lat' dir='ltr'>DORF,</span> <span class='ocrx_word' id='word_1_11' title='bbox 318 2039 425 2103; x_wconf 88' lang='lat' dir='ltr'><strong>virum</strong></span> <span class='ocrx_word' id='word_1_12' title='bbox 457 2039 538 2103; x_wconf 86' lang='lat' dir='ltr'><strong>artis</strong></span> <span class='ocrx_word' id='word_1_13' title='bbox 571 2037 707 2102; x_wconf 83' lang='lat' dir='ltr'><strong>criticae</strong></span> <span class='ocrx_word' id='word_1_14' title='bbox 739 2038 1063 2120; x_wconf 87' lang='lat' dir='ltr'><strong>experientissimum</strong></span> <span class='ocrx_word' id='word_1_15' title='bbox 1095 2045 1195 2122; x_wconf 90' lang='lat' dir='ltr'><strong>atque</strong></span> <span class='ocrx_word' id='word_1_16' title='bbox 1222 2039 1262 2104; x_wconf 91' lang='lat' dir='ltr'><strong>de</strong></span> <span class='ocrx_word' id='word_1_17' title='bbox 1293 2041 1341 2104; x_wconf 93' lang='lat' dir='ltr'><strong>in·</strong></span> 
     </span>
     <span class='ocr_line' id='line_1_4' title="bbox 155 2148 1341 2232; baseline 0.003 -20"><span class='ocrx_word' id='word_1_18' title='bbox 155 2149 331 2232; x_wconf 72' lang='lat' dir='ltr'><strong>vestigando</strong></span> <span class='ocrx_word' id='word_1_19' title='bbox 374 2148 646 2232; x_wconf 86' lang='lat' dir='ltr'><strong>restituendoque</strong></span> <span class='ocrx_word' id='word_1_20' title='bbox 689 2153 784 2213; x_wconf 85' lang='lat' dir='ltr'><strong>textu</strong></span> <span class='ocrx_word' id='word_1_21' title='bbox 822 2170 889 2214; x_wconf 91' lang='lat' dir='ltr'><strong>non</strong></span> <span class='ocrx_word' id='word_1_22' title='bbox 925 2149 1032 2214; x_wconf 87' lang='lat' dir='ltr'><strong>solum</strong></span> <span class='ocrx_word' id='word_1_23' title='bbox 1068 2151 1230 2217; x_wconf 88' lang='lat' dir='ltr'><strong>librorum</strong></span> <span class='ocrx_word' id='word_1_24' title='bbox 1266 2173 1341 2217; x_wconf 86' lang='lat' dir='ltr'><strong>vere</strong></span> 
     </span>
     <span class='ocr_line' id='line_1_5' title="bbox 152 2258 1341 2344; baseline 0.003 -20"><span class='ocrx_word' id='word_1_25' title='bbox 152 2281 310 2325; x_wconf 85' lang='lat' dir='ltr'><strong>sacrorum</strong></span> <span class='ocrx_word' id='word_1_26' title='bbox 338 2258 396 2324; x_wconf 87' lang='lat' dir='ltr'><strong>sed</strong></span> <span class='ocrx_word' id='word_1_27' title='bbox 424 2260 524 2326; x_wconf 88' lang='lat' dir='ltr'><strong>etiam</strong></span> <span class='ocrx_word' id='word_1_28' title='bbox 553 2282 664 2325; x_wconf 89' lang='lat' dir='ltr'><strong>eorum</strong></span> <span class='ocrx_word' id='word_1_29' title='bbox 688 2261 747 2343; x_wconf 92' lang='lat' dir='ltr'><strong>qui</strong></span> <span class='ocrx_word' id='word_1_30' title='bbox 774 2283 835 2344; x_wconf 90' lang='lat' dir='ltr'><strong>pro</strong></span> <span class='ocrx_word' id='word_1_31' title='bbox 865 2261 968 2325; x_wconf 87' lang='lat' dir='ltr'><strong>sacris</strong></span> <span class='ocrx_word' id='word_1_32' title='bbox 995 2261 1112 2326; x_wconf 90' lang='lat' dir='ltr'><strong>haberi</strong></span> <span class='ocrx_word' id='word_1_33' title='bbox 1139 2264 1256 2328; x_wconf 75' lang='lat' dir='ltr'><strong>volunt</strong></span> <span class='ocrx_word' id='word_1_34' title='bbox 1282 2263 1341 2327; x_wconf 91' lang='lat' dir='ltr'><strong>im·</strong></span> 
     </span>
     <span class='ocr_line' id='line_1_6' title="bbox 149 2371 1340 2457; baseline 0.001 -19"><span class='ocrx_word' id='word_1_35' title='bbox 149 2372 326 2438; x_wconf 79' lang='lat' dir='ltr'><strong>mortaliter</strong></span> <span class='ocrx_word' id='word_1_36' title='bbox 363 2373 534 2454; x_wconf 88' lang='lat' dir='ltr'><strong>meritum,</strong></span> <span class='ocrx_word' id='word_1_37' title='bbox 572 2371 689 2437; x_wconf 92' lang='lat' dir='ltr'><strong>mediis</strong></span> <span class='ocrx_word' id='word_1_38' title='bbox 721 2372 755 2436; x_wconf 93' lang='lat' dir='ltr'><strong>in</strong></span> <span class='ocrx_word' id='word_1_39' title='bbox 790 2372 962 2437; x_wconf 84' lang='lat' dir='ltr'><strong>laboribus</strong></span> <span class='ocrx_word' id='word_1_40' title='bbox 999 2373 1220 2457; x_wconf 83' lang='lat' dir='ltr'><strong>gravissimis,</strong></span> <span class='ocrx_word' id='word_1_41' title='bbox 1257 2396 1340 2457; x_wconf 91' lang='lat' dir='ltr'><strong>quos</strong></span> 
     </span>
     <span class='ocr_line' id='line_1_7' title="bbox 147 2483 1341 2566; baseline 0.001 -18"><span class='ocrx_word' id='word_1_42' title='bbox 147 2484 291 2566; x_wconf 88' lang='lat' dir='ltr'><strong>corporis</strong></span> <span class='ocrx_word' id='word_1_43' title='bbox 320 2484 487 2566; x_wconf 82' lang='lat' dir='ltr'><strong>animique</strong></span> <span class='ocrx_word' id='word_1_44' title='bbox 516 2484 630 2566; x_wconf 82' lang='lat' dir='ltr'><strong>rigore</strong></span> <span class='ocrx_word' id='word_1_45' title='bbox 658 2483 763 2548; x_wconf 83' lang='lat' dir='ltr'><strong>fretus</strong></span> <span class='ocrx_word' id='word_1_46' title='bbox 792 2489 995 2566; x_wconf 77' lang='lat' dir='ltr'><strong>susceperat,</strong></span> <span class='ocrx_word' id='word_1_47' title='bbox 1024 2504 1135 2549; x_wconf 88' lang='lat' dir='ltr'><strong>mense</strong></span> <span class='ocrx_word' id='word_1_48' title='bbox 1159 2483 1341 2550; x_wconf 89' lang='lat' dir='ltr'><strong>Decembri</strong></span> 
     </span>
     <span class='ocr_line' id='line_1_8' title="bbox 145 2593 1340 2678; baseline 0.001 -19"><span class='ocrx_word' id='word_1_49' title='bbox 145 2595 216 2659; x_wconf 87' lang='lat' dir='ltr'><strong>anni</strong></span> <span class='ocrx_word' id='word_1_50' title='bbox 238 2593 558 2662; x_wconf 83' lang='lat' dir='ltr'>MDCCCLXXIV</span> <span class='ocrx_word' id='word_1_51' title='bbox 573 2596 695 2660; x_wconf 91' lang='lat' dir='ltr'><strong>litteris</strong></span> <span class='ocrx_word' id='word_1_52' title='bbox 718 2616 789 2660; x_wconf 88' lang='lat' dir='ltr'><strong>esse</strong></span> <span class='ocrx_word' id='word_1_53' title='bbox 813 2595 976 2678; x_wconf 90' lang='lat' dir='ltr'><strong>ereptum!</strong></span> <span class='ocrx_word' id='word_1_54' title='bbox 1007 2595 1122 2660; x_wconf 86' lang='lat' dir='ltr'><strong>Etiam</strong></span> <span class='ocrx_word' id='word_1_55' title='bbox 1145 2596 1241 2660; x_wconf 89' lang='lat' dir='ltr'><strong>alteri</strong></span> <span class='ocrx_word' id='word_1_56' title='bbox 1264 2595 1340 2660; x_wconf 89' lang='lat' dir='ltr'><strong>huic</strong></span> 
     </span>
     <span class='ocr_line' id='line_1_9' title="bbox 145 2705 1340 2790; baseline 0.003 -22"><span class='ocrx_word' id='word_1_57' title='bbox 145 2705 385 2787; x_wconf 74' lang='lat' dir='ltr'><strong>evangeliorum</strong></span> <span class='ocrx_word' id='word_1_58' title='bbox 417 2706 683 2790; x_wconf 86' lang='lat' dir='ltr'><strong>apocryphorum</strong></span> <span class='ocrx_word' id='word_1_59' title='bbox 717 2705 853 2771; x_wconf 89' lang='lat' dir='ltr'><strong>editioni</strong></span> <span class='ocrx_word' id='word_1_60' title='bbox 889 2706 1086 2771; x_wconf 89' lang='lat' dir='ltr'><strong>immortuus</strong></span> <span class='ocrx_word' id='word_1_61' title='bbox 1125 2713 1191 2787; x_wconf 86' lang='lat' dir='ltr'><strong>est,</strong></span> <span class='ocrx_word' id='word_1_62' title='bbox 1228 2727 1340 2790; x_wconf 90' lang='lat' dir='ltr'><strong>quam-</strong></span> 
     </span>
     <span class='ocr_line' id='line_1_10' title="bbox 143 2794 1339 2899; baseline 0.003 -20"><span class='ocrx_word' id='word_1_63' title='bbox 143 2836 235 2898; x_wconf 86' lang='lat' dir='ltr'><strong>quam</strong></span> <span class='ocrx_word' id='word_1_64' title='bbox 274 2816 513 2898; x_wconf 89' lang='lat' dir='ltr'><strong>propemodum</strong></span> <span class='ocrx_word' id='word_1_65' title='bbox 550 2815 591 2881; x_wconf 91' lang='lat' dir='ltr'><strong>ad</strong></span> <span class='ocrx_word' id='word_1_66' title='bbox 622 2794 739 2881; x_wconf 74' lang='lat' dir='ltr'><strong>finem¹</strong></span> <span class='ocrx_word' id='word_1_67' title='bbox 759 2838 830 2882; x_wconf 86' lang='lat' dir='ltr'><strong>eam</strong></span> <span class='ocrx_word' id='word_1_68' title='bbox 868 2815 1085 2899; x_wconf 80' lang='lat' dir='ltr'><strong>perduxerat3</strong></span> <span class='ocrx_word' id='word_1_69' title='bbox 1131 2816 1215 2880; x_wconf 89' lang='lat' dir='ltr'><strong>nihil</strong></span> <span class='ocrx_word' id='word_1_70' title='bbox 1252 2817 1339 2882; x_wconf 89' lang='lat' dir='ltr'><strong>enim</strong></span> 
     </span>
     <span class='ocr_line' id='line_1_11' title="bbox 144 2924 1340 3012; baseline 0.006 -24"><span class='ocrx_word' id='word_1_71' title='bbox 144 2924 363 3008; x_wconf 87' lang='lat' dir='ltr'><strong>adjiciendum</strong></span> <span class='ocrx_word' id='word_1_72' title='bbox 391 2933 476 3010; x_wconf 84' lang='lat' dir='ltr'><strong>erat,</strong></span> <span class='ocrx_word' id='word_1_73' title='bbox 503 2928 568 2992; x_wconf 90' lang='lat' dir='ltr'><strong>nisi</strong></span> <span class='ocrx_word' id='word_1_74' title='bbox 595 2927 767 3012; x_wconf 85' lang='lat' dir='ltr'><strong>praefatio.</strong></span> <span class='ocrx_word' id='word_1_75' title='bbox 811 2927 860 2992; x_wconf 89' lang='lat' dir='ltr'><strong>At</strong></span> <span class='ocrx_word' id='word_1_76' title='bbox 887 2925 968 2992; x_wconf 88' lang='lat' dir='ltr'><strong>haec</strong></span> <span class='ocrx_word' id='word_1_77' title='bbox 995 2928 1069 3010; x_wconf 90' lang='lat' dir='ltr'><strong>ipsa</strong></span> <span class='ocrx_word' id='word_1_78' title='bbox 1097 2928 1125 2991; x_wconf 90' lang='lat' dir='ltr'><strong>si</strong></span> <span class='ocrx_word' id='word_1_79' title='bbox 1148 2927 1227 3009; x_wconf 90' lang='lat' dir='ltr'><strong>quid</strong></span> <span class='ocrx_word' id='word_1_80' title='bbox 1249 2928 1340 2995; x_wconf 89' lang='lat' dir='ltr'><strong>aliud</strong></span> 
     </span>
     <span class='ocr_line' id='line_1_12' title="bbox 142 3038 1339 3122; baseline 0.004 -22"><span class='ocrx_word' id='word_1_81' title='bbox 142 3057 270 3120; x_wconf 89' lang='lat' dir='ltr'><strong>operam</strong></span> <span class='ocrx_word' id='word_1_82' title='bbox 295 3038 442 3121; x_wconf 87' lang='lat' dir='ltr'><strong>ejusdem</strong></span> <span class='ocrx_word' id='word_1_83' title='bbox 466 3039 527 3103; x_wconf 89' lang='lat' dir='ltr'><strong>viri</strong></span> <span class='ocrx_word' id='word_1_84' title='bbox 551 3039 754 3122; x_wconf 79' lang='lat' dir='ltr'><strong>requirebat,</strong></span> <span class='ocrx_word' id='word_1_85' title='bbox 783 3038 841 3122; x_wconf 91' lang='lat' dir='ltr'><strong>qui</strong></span> <span class='ocrx_word' id='word_1_86' title='bbox 864 3038 961 3103; x_wconf 87' lang='lat' dir='ltr'><strong>huius</strong></span> <span class='ocrx_word' id='word_1_87' title='bbox 984 3039 1141 3104; x_wconf 87' lang='lat' dir='ltr'><strong>editionis</strong></span> <span class='ocrx_word' id='word_1_88' title='bbox 1165 3039 1339 3105; x_wconf 89' lang='lat' dir='ltr'><strong>consilium</strong></span> 
     </span>
     <span class='ocr_line' id='line_1_13' title="bbox 143 3150 1338 3234; baseline 0.004 -22"><span class='ocrx_word' id='word_1_89' title='bbox 143 3155 246 3215; x_wconf 87' lang='lat' dir='ltr'><strong>mente</strong></span> <span class='ocrx_word' id='word_1_90' title='bbox 275 3158 474 3232; x_wconf 85' lang='lat' dir='ltr'><strong>conceperat</strong></span> <span class='ocrx_word' id='word_1_91' title='bbox 502 3157 535 3215; x_wconf 91' lang='lat' dir='ltr'><strong>et</strong></span> <span class='ocrx_word' id='word_1_92' title='bbox 564 3151 654 3214; x_wconf 88' lang='lat' dir='ltr'><strong>solus</strong></span> <span class='ocrx_word' id='word_1_93' title='bbox 682 3171 797 3214; x_wconf 92' lang='lat' dir='ltr'><strong>eorum</strong></span> <span class='ocrx_word' id='word_1_94' title='bbox 825 3171 909 3232; x_wconf 90' lang='lat' dir='ltr'><strong>quae</strong></span> <span class='ocrx_word' id='word_1_95' title='bbox 937 3151 973 3214; x_wconf 91' lang='lat' dir='ltr'><strong>in</strong></span> <span class='ocrx_word' id='word_1_96' title='bbox 1001 3172 1040 3215; x_wconf 89' lang='lat' dir='ltr'><strong>ea</strong></span> <span class='ocrx_word' id='word_1_97' title='bbox 1068 3150 1216 3216; x_wconf 88' lang='lat' dir='ltr'><strong>recentia</strong></span> <span class='ocrx_word' id='word_1_98' title='bbox 1245 3174 1338 3234; x_wconf 87' lang='lat' dir='ltr'><strong>prae-</strong></span> 
     </span>
     <span class='ocr_line' id='line_1_14' title="bbox 142 3258 1338 3347; baseline 0.004 -24"><span class='ocrx_word' id='word_1_99' title='bbox 142 3261 260 3326; x_wconf 88' lang='lat' dir='ltr'><strong>stiterit</strong></span> <span class='ocrx_word' id='word_1_100' title='bbox 283 3261 349 3325; x_wconf 91' lang='lat' dir='ltr'><strong>sibi</strong></span> <span class='ocrx_word' id='word_1_101' title='bbox 372 3262 525 3326; x_wconf 85' lang='lat' dir='ltr'><strong>conscius</strong></span> <span class='ocrx_word' id='word_1_102' title='bbox 549 3265 629 3326; x_wconf 88' lang='lat' dir='ltr'><strong>erat.</strong></span> <span class='ocrx_word' id='word_1_103' title='bbox 661 3258 771 3325; x_wconf 78' lang='lat' dir='ltr'><strong>Tanto</strong></span> <span class='ocrx_word' id='word_1_104' title='bbox 796 3261 901 3344; x_wconf 86' lang='lat' dir='ltr'><strong>magis</strong></span> <span class='ocrx_word' id='word_1_105' title='bbox 920 3261 1158 3346; x_wconf 88' lang='lat' dir='ltr'><strong>deplorandum</strong></span> <span class='ocrx_word' id='word_1_106' title='bbox 1182 3269 1240 3347; x_wconf 89' lang='lat' dir='ltr'><strong>est,</strong></span> <span class='ocrx_word' id='word_1_107' title='bbox 1263 3285 1338 3328; x_wconf 90' lang='lat' dir='ltr'><strong>eum</strong></span> 
     </span>
     <span class='ocr_line' id='line_1_15' title="bbox 142 3370 1338 3457; baseline 0.004 -22"><span class='ocrx_word' id='word_1_108' title='bbox 142 3394 177 3437; x_wconf 93' lang='lat' dir='ltr'><strong>ne</strong></span> <span class='ocrx_word' id='word_1_109' title='bbox 198 3371 384 3437; x_wconf 86' lang='lat' dir='ltr'><strong>litterulam</strong></span> <span class='ocrx_word' id='word_1_110' title='bbox 412 3373 560 3455; x_wconf 85' lang='lat' dir='ltr'><strong>quidem,</strong></span> <span class='ocrx_word' id='word_1_111' title='bbox 587 3370 709 3436; x_wconf 91' lang='lat' dir='ltr'><strong>nedum</strong></span> <span class='ocrx_word' id='word_1_112' title='bbox 731 3371 1017 3439; x_wconf 89' lang='lat' dir='ltr'><strong>adumbrationem</strong></span> <span class='ocrx_word' id='word_1_113' title='bbox 1040 3374 1206 3457; x_wconf 87' lang='lat' dir='ltr'><strong>propositi</strong></span> <span class='ocrx_word' id='word_1_114' title='bbox 1230 3375 1281 3439; x_wconf 86' lang='lat' dir='ltr'><strong>sui</strong></span> <span class='ocrx_word' id='word_1_115' title='bbox 1304 3382 1338 3440; x_wconf 88' lang='lat' dir='ltr'><strong>et</strong></span> 
     </span>
     <span class='ocr_line' id='line_1_16' title="bbox 141 3483 1336 3571; baseline 0.003 -24"><span class='ocrx_word' id='word_1_116' title='bbox 141 3505 294 3549; x_wconf 78' lang='lat' dir='ltr'><strong>novorum</strong></span> <span class='ocrx_word' id='word_1_117' title='bbox 318 3483 551 3567; x_wconf 88' lang='lat' dir='ltr'><strong>subsidiorum,</strong></span> <span class='ocrx_word' id='word_1_118' title='bbox 573 3504 658 3567; x_wconf 89' lang='lat' dir='ltr'><strong>quae</strong></span> <span class='ocrx_word' id='word_1_119' title='bbox 681 3484 712 3548; x_wconf 92' lang='lat' dir='ltr'><strong>ei</strong></span> <span class='ocrx_word' id='word_1_120' title='bbox 735 3485 968 3567; x_wconf 83' lang='lat' dir='ltr'><strong>suppetierint,</strong></span> <span class='ocrx_word' id='word_1_121' title='bbox 994 3485 1180 3569; x_wconf 85' lang='lat' dir='ltr'><strong>reliquisse.</strong></span> <span class='ocrx_word' id='word_1_122' title='bbox 1225 3485 1336 3571; x_wconf 83' lang='lat' dir='ltr'><strong>Quare</strong></span> 
     </span>
     <span class='ocr_line' id='line_1_17' title="bbox 141 3594 1336 3679; baseline 0.003 -21"><span class='ocrx_word' id='word_1_123' title='bbox 141 3594 289 3660; x_wconf 85' lang='lat' dir='ltr'><strong>diffidens</strong></span> <span class='ocrx_word' id='word_1_124' title='bbox 312 3595 439 3660; x_wconf 82' lang='lat' dir='ltr'><strong>viribus</strong></span> <span class='ocrx_word' id='word_1_125' title='bbox 462 3595 543 3659; x_wconf 91' lang='lat' dir='ltr'><strong>meis</strong></span> <span class='ocrx_word' id='word_1_126' title='bbox 567 3600 600 3660; x_wconf 88' lang='lat' dir='ltr'><strong>et</strong></span> <span class='ocrx_word' id='word_1_127' title='bbox 622 3595 799 3660; x_wconf 86' lang='lat' dir='ltr'><strong>reluctanti</strong></span> <span class='ocrx_word' id='word_1_128' title='bbox 822 3595 933 3660; x_wconf 86' lang='lat' dir='ltr'><strong>animo</strong></span> <span class='ocrx_word' id='word_1_129' title='bbox 963 3595 1107 3661; x_wconf 85' lang='lat' dir='ltr'><strong>officium</strong></span> <span class='ocrx_word' id='word_1_130' title='bbox 1136 3597 1336 3679; x_wconf 83' lang='lat' dir='ltr'><strong>supplendae</strong></span> 
     </span>
     <span class='ocr_line' id='line_1_18' title="bbox 140 3706 1337 3789; baseline 0.003 -20"><span class='ocrx_word' id='word_1_131' title='bbox 140 3706 353 3788; x_wconf 87' lang='lat' dir='ltr'><strong>praefationis</strong></span> <span class='ocrx_word' id='word_1_132' title='bbox 375 3707 513 3789; x_wconf 85' lang='lat' dir='ltr'><strong>suscepi,</strong></span> <span class='ocrx_word' id='word_1_133' title='bbox 536 3706 589 3770; x_wconf 91' lang='lat' dir='ltr'><strong>oui</strong></span> <span class='ocrx_word' id='word_1_134' title='bbox 613 3707 731 3772; x_wconf 89' lang='lat' dir='ltr'><strong>lubens</strong></span> <span class='ocrx_word' id='word_1_135' title='bbox 753 3728 806 3772; x_wconf 89' lang='lat' dir='ltr'><strong>me</strong></span> <span class='ocrx_word' id='word_1_136' title='bbox 829 3707 1075 3789; x_wconf 85' lang='lat' dir='ltr'><strong>subtraxissem,</strong></span> <span class='ocrx_word' id='word_1_137' title='bbox 1099 3708 1127 3772; x_wconf 87' lang='lat' dir='ltr'><strong>si</strong></span> <span class='ocrx_word' id='word_1_138' title='bbox 1146 3706 1240 3772; x_wconf 92' lang='lat' dir='ltr'><strong>modo</strong></span> <span class='ocrx_word' id='word_1_139' title='bbox 1260 3729 1337 3773; x_wconf 92' lang='lat' dir='ltr'><strong>oon·</strong></span> 
     </span>
     <span class='ocr_line' id='line_1_19' title="bbox 138 3817 1336 3901; baseline 0.005 -23"><span class='ocrx_word' id='word_1_140' title='bbox 138 3817 281 3900; x_wconf 84' lang='lat' dir='ltr'><strong>tigisset‚</strong></span> <span class='ocrx_word' id='word_1_141' title='bbox 304 3823 342 3894; x_wconf 81' lang='lat' dir='ltr'><strong>ut</strong></span> <span class='ocrx_word' id='word_1_142' title='bbox 364 3817 462 3897; x_wconf 84' lang='lat' dir='ltr'><strong>alius,</strong></span> <span class='ocrx_word' id='word_1_143' title='bbox 486 3817 543 3899; x_wconf 92' lang='lat' dir='ltr'><strong>qui</strong></span> <span class='ocrx_word' id='word_1_144' title='bbox 567 3824 600 3882; x_wconf 92' lang='lat' dir='ltr'><strong>et</strong></span> <span class='ocrx_word' id='word_1_145' title='bbox 622 3824 760 3901; x_wconf 86' lang='lat' dir='ltr'><strong>paratus</strong></span> <span class='ocrx_word' id='word_1_146' title='bbox 784 3824 816 3881; x_wconf 87' lang='lat' dir='ltr'><strong>et</strong></span> <span class='ocrx_word' id='word_1_147' title='bbox 839 3817 979 3882; x_wconf 88' lang='lat' dir='ltr'><strong>idoneus</strong></span> <span class='ocrx_word' id='word_1_148' title='bbox 1003 3824 1102 3898; x_wconf 86' lang='lat' dir='ltr'><strong>esset,</strong></span> <span class='ocrx_word' id='word_1_149' title='bbox 1124 3819 1336 3884; x_wconf 80' lang='lat' dir='ltr'><strong>inveniretur.</strong></span> 
     </span>
     <span class='ocr_line' id='line_1_20' title="bbox 140 3926 1335 4012; baseline 0.001 -19"><span class='ocrx_word' id='word_1_150' title='bbox 140 3928 299 4011; x_wconf 85' lang='lat' dir='ltr'><strong>Suscepto</strong></span> <span class='ocrx_word' id='word_1_151' title='bbox 333 3926 440 3993; x_wconf 89' lang='lat' dir='ltr'><strong>officio</strong></span> <span class='ocrx_word' id='word_1_152' title='bbox 472 3927 612 3994; x_wconf 88' lang='lat' dir='ltr'><strong>multum</strong></span> <span class='ocrx_word' id='word_1_153' title='bbox 644 3929 804 4012; x_wconf 89' lang='lat' dir='ltr'><strong>temporis</strong></span> <span class='ocrx_word' id='word_1_154' title='bbox 836 3928 871 3992; x_wconf 93' lang='lat' dir='ltr'><strong>in</strong></span> <span class='ocrx_word' id='word_1_155' title='bbox 903 3949 941 3993; x_wconf 90' lang='lat' dir='ltr'><strong>eo</strong></span> <span class='ocrx_word' id='word_1_156' title='bbox 972 3928 1138 4011; x_wconf 91' lang='lat' dir='ltr'><strong>implendo</strong></span> <span class='ocrx_word' id='word_1_157' title='bbox 1168 3930 1335 3994; x_wconf 87' lang='lat' dir='ltr'><strong>consumsi</strong></span> 
     </span>
    </p>
   </div>
   <div class='ocr_carea' id='block_1_3' title="bbox 135 4038 1336 4235">
    <p class='ocr_par' dir='ltr' id='par_1_3' title="bbox 135 4038 1336 4235">
     <span class='ocr_line' id='line_1_21' title="bbox 135 4038 1336 4124; baseline -0.001 -20"><span class='ocrx_word' id='word_1_158' title='bbox 135 4041 264 4123; x_wconf 87' lang='lat' dir='ltr'><strong>jamque</strong></span> <span class='ocrx_word' id='word_1_159' title='bbox 296 4060 369 4103; x_wconf 91' lang='lat' dir='ltr'><strong>cum</strong></span> <span class='ocrx_word' id='word_1_160' title='bbox 401 4038 589 4123; x_wconf 89' lang='lat' dir='ltr'><strong>legentibus</strong></span> <span class='ocrx_word' id='word_1_161' title='bbox 620 4039 841 4120; x_wconf 88' lang='lat' dir='ltr'><strong>communico,</strong></span> <span class='ocrx_word' id='word_1_162' title='bbox 878 4060 962 4122; x_wconf 90' lang='lat' dir='ltr'><strong>quae</strong></span> <span class='ocrx_word' id='word_1_163' title='bbox 995 4039 1171 4124; x_wconf 87' lang='lat' dir='ltr'><strong>diligenter</strong></span> <span class='ocrx_word' id='word_1_164' title='bbox 1201 4040 1336 4105; x_wconf 78' lang='lat' dir='ltr'><strong>inresti-</strong></span> 
     </span>
     <span class='ocr_line' id='line_1_22' title="bbox 139 4148 934 4235; baseline 0.001 -20"><span class='ocrx_word' id='word_1_165' title='bbox 139 4150 240 4235; x_wconf 80' lang='lat' dir='ltr'><strong>gando</strong></span> <span class='ocrx_word' id='word_1_166' title='bbox 264 4157 365 4233; x_wconf 89' lang='lat' dir='ltr'><strong>atque</strong></span> <span class='ocrx_word' id='word_1_167' title='bbox 388 4149 442 4214; x_wconf 92' lang='lat' dir='ltr'><strong>hic</strong></span> <span class='ocrx_word' id='word_1_168' title='bbox 466 4149 533 4214; x_wconf 91' lang='lat' dir='ltr'><strong>illic</strong></span> <span class='ocrx_word' id='word_1_169' title='bbox 556 4148 731 4216; x_wconf 81' lang='lat' dir='ltr'><strong>divinando</strong></span> <span class='ocrx_word' id='word_1_170' title='bbox 756 4151 934 4233; x_wconf 80' lang='lat' dir='ltr'><strong>exploravi.</strong></span> 
     </span>
    </p>
   </div>
   <div class='ocr_carea' id='block_1_4' title="bbox 139 4270 1334 4466">
    <p class='ocr_par' dir='ltr' id='par_1_4' title="bbox 139 4270 1334 4466">
     <span class='ocr_line' id='line_1_23' title="bbox 221 4270 1334 4355; baseline 0 -20"><span class='ocrx_word' id='word_1_171' title='bbox 221 4275 247 4335; x_wconf 94' lang='lat' dir='ltr'><strong>l.</strong></span> <span class='ocrx_word' id='word_1_172' title='bbox 284 4270 352 4335; x_wconf 93' lang='lat' dir='ltr'><strong>Per</strong></span> <span class='ocrx_word' id='word_1_173' title='bbox 377 4275 484 4335; x_wconf 89' lang='lat' dir='ltr'><strong>totum</strong></span> <span class='ocrx_word' id='word_1_174' title='bbox 508 4271 782 4335; x_wconf 86' lang='lat' dir='ltr'><strong>commentarium</strong></span> <span class='ocrx_word' id='word_1_175' title='bbox 804 4271 846 4336; x_wconf 90' lang='lat' dir='ltr'><strong>ad</strong></span> <span class='ocrx_word' id='word_1_176' title='bbox 870 4272 1136 4355; x_wconf 72' lang='lat' dir='ltr'><strong>Proteuauqelium</strong></span> <span class='ocrx_word' id='word_1_177' title='bbox 1159 4272 1270 4335; x_wconf 66' lang='lat' dir='ltr'><strong>Jacobs</strong></span> <span class='ocrx_word' id='word_1_178' title='bbox 1294 4292 1334 4335; x_wconf 87' lang='lat' dir='ltr'><strong>ex</strong></span> 
     </span>
     <span class='ocr_line' id='line_1_24' title="bbox 139 4379 1334 4466; baseline 0 -21"><span class='ocrx_word' id='word_1_179' title='bbox 139 4381 190 4447; x_wconf 91' lang='lat' dir='ltr'><strong>illo</strong></span> <span class='ocrx_word' id='word_1_180' title='bbox 213 4381 327 4448; x_wconf 88' lang='lat' dir='ltr'><strong>codice</strong></span> <span class='ocrx_word' id='word_1_181' title='bbox 351 4379 523 4447; x_wconf 87' lang='lat' dir='ltr'><strong>Dresdano</strong></span> <span class='ocrx_word' id='word_1_182' title='bbox 548 4384 607 4465; x_wconf 77' lang='lat' dir='ltr'><strong>(nl,</strong></span> <span class='ocrx_word' id='word_1_183' title='bbox 635 4400 675 4445; x_wconf 81' lang='lat' dir='ltr'><strong>ex</strong></span> <span class='ocrx_word' id='word_1_184' title='bbox 699 4403 765 4465; x_wconf 91' lang='lat' dir='ltr'><strong>quc</strong></span> <span class='ocrx_word' id='word_1_185' title='bbox 788 4383 823 4446; x_wconf 94' lang='lat' dir='ltr'><strong>in</strong></span> <span class='ocrx_word' id='word_1_186' title='bbox 845 4381 1097 4466; x_wconf 84' lang='lat' dir='ltr'><strong>Prolegomenis</strong></span> <span class='ocrx_word' id='word_1_187' title='bbox 1120 4381 1244 4464; x_wconf 88' lang='lat' dir='ltr'><strong>prioris</strong></span> <span class='ocrx_word' id='word_1_188' title='bbox 1267 4381 1334 4447; x_wconf 90' lang='lat' dir='ltr'><strong>edi-</strong></span> 
     </span>
    </p>
   </div>
   <div class='ocr_carea' id='block_1_5' title="bbox 0 0 1486 4912">
    <p class='ocr_par' dir='ltr' id='par_1_5' title="bbox 0 0 1486 4912">
     <span class='ocr_line' id='line_1_25' title="bbox 0 0 1486 4912; baseline 0 6"><span class='ocrx_word' id='word_1_189' title='bbox 0 0 1486 4912; x_wconf 95' lang='lat' dir='ltr'><strong> </strong></span> 
     </span>
    </p>
   </div>
  </div>
 </body>
</html>
