<?xml version="1.0" encoding="UTF-8"?>
<!DOCTYPE html PUBLIC "-//W3C//DTD XHTML 1.0 Transitional//EN"
    "http://www.w3.org/TR/xhtml1/DTD/xhtml1-transitional.dtd">
<html xmlns="http://www.w3.org/1999/xhtml" xml:lang="en" lang="en">
 <head>
  <title>
</title>
<meta http-equiv="Content-Type" content="text/html;charset=utf-8" />
  <meta name='ocr-system' content='tesseract 3.04.00' />
  <meta name='ocr-capabilities' content='ocr_page ocr_carea ocr_par ocr_line ocrx_word'/>
</head>
<body>
  <div class='ocr_page' id='page_1' title='image "./evangeliaapocry00tiscgoog_0477.png"; bbox 0 0 3000 4912; ppageno 0'>
   <div class='ocr_carea' id='block_1_1' title="bbox 178 305 966 370">
    <p class='ocr_par' dir='ltr' id='par_1_1' title="bbox 178 305 966 370">
     <span class='ocr_line' id='line_1_1' title="bbox 178 305 966 370; baseline -0.011 -3"><span class='ocrx_word' id='word_1_1' title='bbox 178 306 259 369; x_wconf 84' lang='lat'>,380</span> <span class='ocrx_word' id='word_1_2' title='bbox 630 305 741 370; x_wconf 81' lang='lat' dir='ltr'>oasrn</span> <span class='ocrx_word' id='word_1_3' title='bbox 762 306 887 357; x_wconf 79' lang='lat' dir='ltr'>vrnuvr.</span> <span class='ocrx_word' id='word_1_4' title='bbox 911 308 966 358; x_wconf 83' lang='lat' dir='ltr'>xv.</span> 
     </span>
    </p>
   </div>
   <div class='ocr_carea' id='block_1_2' title="bbox 196 434 1403 750">
    <p class='ocr_par' dir='ltr' id='par_1_2' title="bbox 196 434 1403 750">
     <span class='ocr_line' id='line_1_2' title="bbox 197 434 1403 534; baseline -0.002 -12"><span class='ocrx_word' id='word_1_5' title='bbox 197 458 383 523; x_wconf 82' lang='lat' dir='ltr'>introduxit</span> <span class='ocrx_word' id='word_1_6' title='bbox 405 477 460 522; x_wconf 92' lang='lat' dir='ltr'>eos</span> <span class='ocrx_word' id='word_1_7' title='bbox 480 456 682 523; x_wconf 82' lang='lat' dir='ltr'>Nicodamus</span> <span class='ocrx_word' id='word_1_8' title='bbox 703 458 737 520; x_wconf 92' lang='lat' dir='ltr'>in</span> <span class='ocrx_word' id='word_1_9' title='bbox 759 457 890 524; x_wconf 92' lang='lat' dir='ltr'>domum</span> <span class='ocrx_word' id='word_1_10' title='bbox 913 434 1016 523; x_wconf 90' lang='lat' dir='ltr'>suam.</span> <span class='ocrx_word' id='word_1_11' title='bbox 1053 457 1100 521; x_wconf 84' lang='lat' dir='ltr'>Et</span> <span class='ocrx_word' id='word_1_12' title='bbox 1115 455 1200 520; x_wconf 91' lang='lat' dir='ltr'>sedit</span> <span class='ocrx_word' id='word_1_13' title='bbox 1215 454 1403 534; x_wconf 89' lang='lat' dir='ltr'>concilium,</span> 
     </span>
     <span class='ocr_line' id='line_1_3' title="bbox 197 561 1401 645; baseline -0.004 -18"><span class='ocrx_word' id='word_1_14' title='bbox 197 568 230 627; x_wconf 91' lang='lat' dir='ltr'>et</span> <span class='ocrx_word' id='word_1_15' title='bbox 253 562 375 645; x_wconf 89' lang='lat' dir='ltr'>Ioseph</span> <span class='ocrx_word' id='word_1_16' title='bbox 398 561 484 626; x_wconf 90' lang='lat' dir='ltr'>sedit</span> <span class='ocrx_word' id='word_1_17' title='bbox 505 563 539 624; x_wconf 92' lang='lat' dir='ltr'>in</span> <span class='ocrx_word' id='word_1_18' title='bbox 555 561 661 626; x_wconf 92' lang='lat' dir='ltr'>medio</span> <span class='ocrx_word' id='word_1_19' title='bbox 677 561 796 627; x_wconf 82' lang='lat' dir='ltr'><strong>Annae</strong></span> <span class='ocrx_word' id='word_1_20' title='bbox 813 569 846 627; x_wconf 88' lang='lat' dir='ltr'>et</span> <span class='ocrx_word' id='word_1_21' title='bbox 862 562 1023 645; x_wconf 81' lang='lat' dir='ltr'>Caiphae:</span> <span class='ocrx_word' id='word_1_22' title='bbox 1048 566 1081 625; x_wconf 87' lang='lat' dir='ltr'>et</span> <span class='ocrx_word' id='word_1_23' title='bbox 1103 581 1199 625; x_wconf 89' lang='lat' dir='ltr'>nemo</span> <span class='ocrx_word' id='word_1_24' title='bbox 1222 580 1324 623; x_wconf 88' lang='lat' dir='ltr'>ausus</span> <span class='ocrx_word' id='word_1_25' title='bbox 1348 564 1401 623; x_wconf 87' lang='lat' dir='ltr'>est</span> 
     </span>
     <span class='ocr_line' id='line_1_4' title="bbox 196 661 1401 750; baseline -0.002 -20"><span class='ocrx_word' id='word_1_26' title='bbox 196 667 288 750; x_wconf 92' lang='lat' dir='ltr'>loqui</span> <span class='ocrx_word' id='word_1_27' title='bbox 310 668 454 731; x_wconf 91' lang='lat' dir='ltr'>verbum.</span> <span class='ocrx_word' id='word_1_28' title='bbox 499 667 546 731; x_wconf 83' lang='lat' dir='ltr'>Et</span> <span class='ocrx_word' id='word_1_29' title='bbox 568 665 651 730; x_wconf 82' lang='lat' dir='ltr'>dixit</span> <span class='ocrx_word' id='word_1_30' title='bbox 674 665 716 731; x_wconf 89' lang='lat' dir='ltr'>ad</span> <span class='ocrx_word' id='word_1_31' title='bbox 739 688 795 732; x_wconf 91' lang='lat' dir='ltr'>eos</span> <span class='ocrx_word' id='word_1_32' title='bbox 818 665 954 748; x_wconf 88' lang='lat' dir='ltr'>Ioseph:</span> <span class='ocrx_word' id='word_1_33' title='bbox 983 666 1031 731; x_wconf 91' lang='lat' dir='ltr'>Ut</span> <span class='ocrx_word' id='word_1_34' title='bbox 1053 665 1134 748; x_wconf 89' lang='lat' dir='ltr'>quid</span> <span class='ocrx_word' id='word_1_35' title='bbox 1157 663 1300 729; x_wconf 83' lang='lat' dir='ltr'>vocastis</span> <span class='ocrx_word' id='word_1_36' title='bbox 1323 661 1401 728; x_wconf 78' lang='lat' dir='ltr'>me?</span> 
     </span>
    </p>
   </div>
   <div class='ocr_carea' id='block_1_3' title="bbox 99 767 1402 854">
    <p class='ocr_par' dir='ltr' id='par_1_3' title="bbox 99 767 1402 854">
     <span class='ocr_line' id='line_1_5' title="bbox 99 767 1402 854; baseline -0.004 -18"><span class='ocrx_word' id='word_1_37' title='bbox 99 797 101 800; x_wconf 90' lang='lat'>·</span> <span class='ocrx_word' id='word_1_38' title='bbox 196 771 253 836; x_wconf 92' lang='lat' dir='ltr'>Illi</span> <span class='ocrx_word' id='word_1_39' title='bbox 276 794 352 836; x_wconf 90' lang='lat' dir='ltr'>vero</span> <span class='ocrx_word' id='word_1_40' title='bbox 375 773 555 836; x_wconf 86' lang='lat' dir='ltr'>innuerunt</span> <span class='ocrx_word' id='word_1_41' title='bbox 577 770 680 835; x_wconf 89' lang='lat' dir='ltr'>oeulis</span> <span class='ocrx_word' id='word_1_42' title='bbox 698 770 880 837; x_wconf 91' lang='lat' dir='ltr'>Nicodemo</span> <span class='ocrx_word' id='word_1_43' title='bbox 904 778 941 836; x_wconf 91' lang='lat' dir='ltr'>ut</span> <span class='ocrx_word' id='word_1_44' title='bbox 963 771 1157 854; x_wconf 88' lang='lat' dir='ltr'>loqueretur</span> <span class='ocrx_word' id='word_1_45' title='bbox 1179 790 1253 833; x_wconf 92' lang='lat' dir='ltr'>cum</span> <span class='ocrx_word' id='word_1_46' title='bbox 1268 767 1402 850; x_wconf 82' lang='lat' dir='ltr'>Iosepln</span> 
     </span>
    </p>
   </div>
   <div class='ocr_carea' id='block_1_4' title="bbox 195 870 1401 1983">
    <p class='ocr_par' dir='ltr' id='par_1_4' title="bbox 195 870 1401 1983">
     <span class='ocr_line' id='line_1_6' title="bbox 198 870 1401 957; baseline -0.004 -18"><span class='ocrx_word' id='word_1_47' title='bbox 198 876 364 957; x_wconf 81' lang='lat' dir='ltr'>Aperiens</span> <span class='ocrx_word' id='word_1_48' title='bbox 387 880 498 939; x_wconf 90' lang='lat' dir='ltr'>autem</span> <span class='ocrx_word' id='word_1_49' title='bbox 520 872 721 938; x_wconf 85' lang='lat' dir='ltr'>Nicodamus</span> <span class='ocrx_word' id='word_1_50' title='bbox 744 895 780 938; x_wconf 90' lang='lat' dir='ltr'>os</span> <span class='ocrx_word' id='word_1_51' title='bbox 804 896 899 938; x_wconf 88' lang='lat' dir='ltr'>suum</span> <span class='ocrx_word' id='word_1_52' title='bbox 921 873 1018 937; x_wconf 83' lang='lat' dir='ltr'>dixit:</span> <span class='ocrx_word' id='word_1_53' title='bbox 1050 874 1154 937; x_wconf 88' lang='lat' dir='ltr'>Pater</span> <span class='ocrx_word' id='word_1_54' title='bbox 1177 870 1312 953; x_wconf 85' lang='lat' dir='ltr'>Ioseph,</span> <span class='ocrx_word' id='word_1_55' title='bbox 1335 871 1401 934; x_wconf 87' lang='lat' dir='ltr'>seis</span> 
     </span>
     <span class='ocr_line' id='line_1_7' title="bbox 197 973 1401 1062; baseline -0.003 -20"><span class='ocrx_word' id='word_1_56' title='bbox 197 980 277 1062; x_wconf 89' lang='lat' dir='ltr'>quia</span> <span class='ocrx_word' id='word_1_57' title='bbox 299 977 478 1042; x_wconf 88' lang='lat' dir='ltr'>venerandi</span> <span class='ocrx_word' id='word_1_58' title='bbox 498 977 658 1042; x_wconf 82' lang='lat' dir='ltr'>didascali</span> <span class='ocrx_word' id='word_1_59' title='bbox 681 978 868 1042; x_wconf 84' lang='lat' dir='ltr'>sacerdotes</span> <span class='ocrx_word' id='word_1_60' title='bbox 892 983 925 1041; x_wconf 87' lang='lat' dir='ltr'>et</span> <span class='ocrx_word' id='word_1_61' title='bbox 939 977 1078 1042; x_wconf 82' lang='lat' dir='ltr'>Levitae</span> <span class='ocrx_word' id='word_1_62' title='bbox 1096 980 1261 1059; x_wconf 88' lang='lat' dir='ltr'>quaerunt</span> <span class='ocrx_word' id='word_1_63' title='bbox 1283 973 1401 1039; x_wconf 87' lang='lat' dir='ltr'>audire</span> 
     </span>
     <span class='ocr_line' id='line_1_8' title="bbox 197 1080 1401 1164; baseline -0.005 -16"><span class='ocrx_word' id='word_1_64' title='bbox 197 1090 273 1148; x_wconf 86' lang='lat' dir='ltr'>ate</span> <span class='ocrx_word' id='word_1_65' title='bbox 295 1082 440 1147; x_wconf 85' lang='lat' dir='ltr'>verbum.</span> <span class='ocrx_word' id='word_1_66' title='bbox 483 1081 530 1145; x_wconf 85' lang='lat' dir='ltr'>Et</span> <span class='ocrx_word' id='word_1_67' title='bbox 552 1081 635 1146; x_wconf 84' lang='lat' dir='ltr'>dixit</span> <span class='ocrx_word' id='word_1_68' title='bbox 658 1080 792 1164; x_wconf 87' lang='lat' dir='ltr'>Ioseph:</span> <span class='ocrx_word' id='word_1_69' title='bbox 824 1081 1044 1163; x_wconf 78' lang='lat' dir='ltr'>Interrogata.</span> <span class='ocrx_word' id='word_1_70' title='bbox 1089 1081 1258 1145; x_wconf 79' lang='lat' dir='ltr'>Tollentes</span> <span class='ocrx_word' id='word_1_71' title='bbox 1287 1084 1401 1143; x_wconf 89' lang='lat' dir='ltr'>autem</span> 
     </span>
     <span class='ocr_line' id='line_1_9' title="bbox 196 1178 1401 1264; baseline -0.004 -17"><span class='ocrx_word' id='word_1_72' title='bbox 196 1184 315 1247; x_wconf 88' lang='lat' dir='ltr'>Annas</span> <span class='ocrx_word' id='word_1_73' title='bbox 339 1188 373 1246; x_wconf 88' lang='lat' dir='ltr'>et</span> <span class='ocrx_word' id='word_1_74' title='bbox 387 1182 533 1263; x_wconf 81' lang='lat' dir='ltr'>Caiphae</span> <span class='ocrx_word' id='word_1_75' title='bbox 555 1182 661 1264; x_wconf 82' lang='lat' dir='ltr'>legem</span> <span class='ocrx_word' id='word_1_76' title='bbox 685 1181 921 1246; x_wconf 89' lang='lat' dir='ltr'>adiuraverunt</span> <span class='ocrx_word' id='word_1_77' title='bbox 935 1181 1058 1263; x_wconf 91' lang='lat' dir='ltr'>Ioseph</span> <span class='ocrx_word' id='word_1_78' title='bbox 1074 1181 1235 1245; x_wconf 91' lang='lat' dir='ltr'>dicentes:</span> <span class='ocrx_word' id='word_1_79' title='bbox 1259 1179 1316 1245; x_wconf 90' lang='lat' dir='ltr'>Da</span> <span class='ocrx_word' id='word_1_80' title='bbox 1331 1178 1401 1261; x_wconf 87' lang='lat' dir='ltr'>glo·</span> 
     </span>
     <span class='ocr_line' id='line_1_10' title="bbox 196 1280 1400 1364; baseline -0.004 -14"><span class='ocrx_word' id='word_1_81' title='bbox 196 1289 281 1350; x_wconf 89' lang='lat' dir='ltr'>riam</span> <span class='ocrx_word' id='word_1_82' title='bbox 309 1285 370 1350; x_wconf 90' lang='lat' dir='ltr'>dec</span> <span class='ocrx_word' id='word_1_83' title='bbox 398 1283 519 1364; x_wconf 88' lang='lat' dir='ltr'>Israel,</span> <span class='ocrx_word' id='word_1_84' title='bbox 552 1290 585 1348; x_wconf 87' lang='lat' dir='ltr'>et</span> <span class='ocrx_word' id='word_1_85' title='bbox 612 1284 656 1349; x_wconf 93' lang='lat' dir='ltr'>da</span> <span class='ocrx_word' id='word_1_86' title='bbox 683 1285 713 1349; x_wconf 92' lang='lat' dir='ltr'>ei</span> <span class='ocrx_word' id='word_1_87' title='bbox 741 1283 981 1349; x_wconf 88' lang='lat' dir='ltr'>confessionem</span> <span class='ocrx_word' id='word_1_88' title='bbox 1008 1291 1046 1348; x_wconf 92' lang='lat' dir='ltr'>ut</span> <span class='ocrx_word' id='word_1_89' title='bbox 1072 1305 1138 1348; x_wconf 93' lang='lat' dir='ltr'>non</span> <span class='ocrx_word' id='word_1_90' title='bbox 1167 1280 1352 1347; x_wconf 89' lang='lat' dir='ltr'>abscondas</span> <span class='ocrx_word' id='word_1_91' title='bbox 1380 1302 1400 1345; x_wconf 90' lang='lat' dir='ltr'>a</span> 
     </span>
     <span class='ocr_line' id='line_1_11' title="bbox 196 1385 1401 1454; baseline -0.004 -1"><span class='ocrx_word' id='word_1_92' title='bbox 196 1390 290 1454; x_wconf 90' lang='lat' dir='ltr'>nobis</span> <span class='ocrx_word' id='word_1_93' title='bbox 313 1390 417 1453; x_wconf 92' lang='lat' dir='ltr'>ullum</span> <span class='ocrx_word' id='word_1_94' title='bbox 432 1387 576 1452; x_wconf 89' lang='lat' dir='ltr'>verbum.</span> <span class='ocrx_word' id='word_1_95' title='bbox 613 1389 660 1452; x_wconf 85' lang='lat' dir='ltr'>Et</span> <span class='ocrx_word' id='word_1_96' title='bbox 678 1388 831 1452; x_wconf 89' lang='lat' dir='ltr'>dixerunt</span> <span class='ocrx_word' id='word_1_97' title='bbox 855 1388 897 1452; x_wconf 89' lang='lat' dir='ltr'>ad</span> <span class='ocrx_word' id='word_1_98' title='bbox 920 1410 1007 1452; x_wconf 91' lang='lat' dir='ltr'>eum:</span> <span class='ocrx_word' id='word_1_99' title='bbox 1031 1387 1186 1452; x_wconf 78' lang='lat' dir='ltr'>Tristitia</span> <span class='ocrx_word' id='word_1_100' title='bbox 1209 1385 1401 1451; x_wconf 86' lang='lat' dir='ltr'>contristati</span> 
     </span>
     <span class='ocr_line' id='line_1_12' title="bbox 197 1489 1400 1577; baseline -0.005 -19"><span class='ocrx_word' id='word_1_101' title='bbox 197 1516 310 1558; x_wconf 89' lang='lat' dir='ltr'>sumus</span> <span class='ocrx_word' id='word_1_102' title='bbox 341 1494 499 1577; x_wconf 88' lang='lat' dir='ltr'>quoniam</span> <span class='ocrx_word' id='word_1_103' title='bbox 529 1492 643 1574; x_wconf 90' lang='lat' dir='ltr'>petisti</span> <span class='ocrx_word' id='word_1_104' title='bbox 674 1513 792 1573; x_wconf 91' lang='lat' dir='ltr'>corpus</span> <span class='ocrx_word' id='word_1_105' title='bbox 823 1491 903 1557; x_wconf 90' lang='lat' dir='ltr'>Iesu</span> <span class='ocrx_word' id='word_1_106' title='bbox 935 1500 969 1556; x_wconf 89' lang='lat' dir='ltr'>et</span> <span class='ocrx_word' id='word_1_107' title='bbox 998 1491 1164 1556; x_wconf 88' lang='lat' dir='ltr'>involvisti</span> <span class='ocrx_word' id='word_1_108' title='bbox 1196 1491 1230 1554; x_wconf 92' lang='lat' dir='ltr'>in</span> <span class='ocrx_word' id='word_1_109' title='bbox 1262 1489 1400 1554; x_wconf 89' lang='lat' dir='ltr'>sindone</span> 
     </span>
     <span class='ocr_line' id='line_1_13' title="bbox 198 1592 1400 1677; baseline -0.004 -18"><span class='ocrx_word' id='word_1_110' title='bbox 198 1595 329 1675; x_wconf 86' lang='lat' dir='ltr'>munda,</span> <span class='ocrx_word' id='word_1_111' title='bbox 353 1601 386 1660; x_wconf 92' lang='lat' dir='ltr'>et</span> <span class='ocrx_word' id='word_1_112' title='bbox 407 1595 549 1677; x_wconf 86' lang='lat' dir='ltr'>posuisti</span> <span class='ocrx_word' id='word_1_113' title='bbox 572 1595 703 1659; x_wconf 89' lang='lat' dir='ltr'>eumin</span> <span class='ocrx_word' id='word_1_114' title='bbox 725 1600 945 1659; x_wconf 82' lang='lat' dir='ltr'>monumenta.</span> <span class='ocrx_word' id='word_1_115' title='bbox 988 1592 1069 1658; x_wconf 93' lang='lat' dir='ltr'>Ideo</span> <span class='ocrx_word' id='word_1_116' title='bbox 1091 1593 1286 1657; x_wconf 89' lang='lat' dir='ltr'>inclusimus</span> <span class='ocrx_word' id='word_1_117' title='bbox 1309 1597 1342 1656; x_wconf 88' lang='lat' dir='ltr'>te</span> <span class='ocrx_word' id='word_1_118' title='bbox 1365 1592 1400 1654; x_wconf 93' lang='lat' dir='ltr'>in</span> 
     </span>
     <span class='ocr_line' id='line_1_14' title="bbox 197 1695 1400 1778; baseline -0.003 -17"><span class='ocrx_word' id='word_1_119' title='bbox 197 1697 293 1762; x_wconf 91' lang='lat' dir='ltr'>domo</span> <span class='ocrx_word' id='word_1_120' title='bbox 316 1696 373 1760; x_wconf 91' lang='lat' dir='ltr'>ubi</span> <span class='ocrx_word' id='word_1_121' title='bbox 395 1697 487 1762; x_wconf 88' lang='lat' dir='ltr'>nulla</span> <span class='ocrx_word' id='word_1_122' title='bbox 510 1704 583 1761; x_wconf 88' lang='lat' dir='ltr'>erat</span> <span class='ocrx_word' id='word_1_123' title='bbox 605 1697 765 1777; x_wconf 87' lang='lat' dir='ltr'>fenestra,</span> <span class='ocrx_word' id='word_1_124' title='bbox 792 1705 826 1761; x_wconf 92' lang='lat' dir='ltr'>et</span> <span class='ocrx_word' id='word_1_125' title='bbox 849 1697 975 1761; x_wconf 89' lang='lat' dir='ltr'>clavem</span> <span class='ocrx_word' id='word_1_126' title='bbox 997 1696 1208 1778; x_wconf 86' lang='lat' dir='ltr'>sigillumque</span> <span class='ocrx_word' id='word_1_127' title='bbox 1230 1695 1400 1776; x_wconf 89' lang='lat' dir='ltr'>posuimus</span> 
     </span>
     <span class='ocr_line' id='line_1_15' title="bbox 195 1798 1400 1882; baseline -0.002 -20"><span class='ocrx_word' id='word_1_128' title='bbox 195 1801 231 1863; x_wconf 93' lang='lat' dir='ltr'>in</span> <span class='ocrx_word' id='word_1_129' title='bbox 257 1799 372 1864; x_wconf 87' lang='lat' dir='ltr'>ianua:</span> <span class='ocrx_word' id='word_1_130' title='bbox 405 1807 439 1863; x_wconf 87' lang='lat' dir='ltr'>et</span> <span class='ocrx_word' id='word_1_131' title='bbox 464 1819 532 1864; x_wconf 89' lang='lat' dir='ltr'>una</span> <span class='ocrx_word' id='word_1_132' title='bbox 555 1798 687 1864; x_wconf 88' lang='lat' dir='ltr'>sabbati</span> <span class='ocrx_word' id='word_1_133' title='bbox 710 1801 897 1882; x_wconf 89' lang='lat' dir='ltr'>aperientes</span> <span class='ocrx_word' id='word_1_134' title='bbox 920 1800 1038 1865; x_wconf 87' lang='lat' dir='ltr'>ianuas</span> <span class='ocrx_word' id='word_1_135' title='bbox 1061 1821 1127 1863; x_wconf 94' lang='lat' dir='ltr'>non</span> <span class='ocrx_word' id='word_1_136' title='bbox 1149 1799 1335 1862; x_wconf 86' lang='lat' dir='ltr'>invenimus</span> <span class='ocrx_word' id='word_1_137' title='bbox 1357 1805 1400 1861; x_wconf 88' lang='lat' dir='ltr'>te.</span> 
     </span>
     <span class='ocr_line' id='line_1_16' title="bbox 197 1901 1400 1983; baseline -0.002 -17"><span class='ocrx_word' id='word_1_138' title='bbox 197 1901 396 1967; x_wconf 77' lang='lat' dir='ltr'>Contristati</span> <span class='ocrx_word' id='word_1_139' title='bbox 428 1922 505 1982; x_wconf 85' lang='lat' dir='ltr'>ergo</span> <span class='ocrx_word' id='word_1_140' title='bbox 533 1922 645 1965; x_wconf 89' lang='lat' dir='ltr'>sumus</span> <span class='ocrx_word' id='word_1_141' title='bbox 671 1901 781 1982; x_wconf 87' lang='lat' dir='ltr'>valde,</span> <span class='ocrx_word' id='word_1_142' title='bbox 812 1908 846 1965; x_wconf 88' lang='lat' dir='ltr'>et</span> <span class='ocrx_word' id='word_1_143' title='bbox 872 1907 988 1983; x_wconf 86' lang='lat' dir='ltr'>stupor</span> <span class='ocrx_word' id='word_1_144' title='bbox 1016 1901 1114 1965; x_wconf 91' lang='lat' dir='ltr'>irruit</span> <span class='ocrx_word' id='word_1_145' title='bbox 1142 1922 1240 1982; x_wconf 89' lang='lat' dir='ltr'>super</span> <span class='ocrx_word' id='word_1_146' title='bbox 1269 1920 1400 1965; x_wconf 91' lang='lat' dir='ltr'>omnem</span> 
     </span>
    </p>
   </div>
   <div class='ocr_carea' id='block_1_5' title="bbox 195 2180 1403 4475">
    <p class='ocr_par' dir='ltr' id='par_1_5' title="bbox 195 2180 1403 4475">
     <span class='ocr_line' id='line_1_17' title="bbox 197 2180 1399 2246; baseline 0.001 -15"><span class='ocrx_word' id='word_1_147' title='bbox 197 2180 274 2244; x_wconf 83' lang='lat' dir='ltr'>(haec</span> <span class='ocrx_word' id='word_1_148' title='bbox 288 2195 305 2232; x_wconf 91' lang='grc' dir='ltr'>Β</span> <span class='ocrx_word' id='word_1_149' title='bbox 318 2183 380 2242; x_wconf 85' lang='lat' dir='ltr'>oro).</span> <span class='ocrx_word' id='word_1_150' title='bbox 410 2184 448 2231; x_wconf 82' lang='lat' dir='ltr'>Et</span> <span class='ocrx_word' id='word_1_151' title='bbox 465 2184 531 2231; x_wconf 80' lang='lat' dir='ltr'>redit</span> <span class='ocrx_word' id='word_1_152' title='bbox 549 2184 681 2233; x_wconf 74' lang='lat' dir='ltr'>conciliem</span> <span class='ocrx_word' id='word_1_153' title='bbox 699 2187 723 2232; x_wconf 81' lang='lat' dir='ltr'>el</span> <span class='ocrx_word' id='word_1_154' title='bbox 741 2183 770 2246; x_wconf 78' lang='lat' dir='ltr'>(n</span> <span class='ocrx_word' id='word_1_155' title='bbox 783 2200 824 2232; x_wconf 91' lang='lat' dir='ltr'>om</span> <span class='ocrx_word' id='word_1_156' title='bbox 843 2201 912 2234; x_wconf 81' lang='lat' dir='ltr'>coac.</span> <span class='ocrx_word' id='word_1_157' title='bbox 927 2183 963 2246; x_wconf 84' lang='lat' dir='ltr'>et)</span> <span class='ocrx_word' id='word_1_158' title='bbox 977 2187 1030 2234; x_wconf 77' lang='lat' dir='ltr'>Iov.</span> <span class='ocrx_word' id='word_1_159' title='bbox 1044 2184 1110 2232; x_wconf 79' lang='lat' dir='ltr'>redit</span> <span class='ocrx_word' id='word_1_160' title='bbox 1123 2182 1152 2244; x_wconf 82' lang='lat' dir='ltr'>(n</span> <span class='ocrx_word' id='word_1_161' title='bbox 1165 2182 1219 2245; x_wconf 78' lang='lat' dir='ltr'>om)</span> <span class='ocrx_word' id='word_1_162' title='bbox 1238 2183 1264 2230; x_wconf 82' lang='lat' dir='ltr'>ia</span> <span class='ocrx_word' id='word_1_163' title='bbox 1275 2183 1358 2232; x_wconf 84' lang='lat' dir='ltr'>medio</span> <span class='ocrx_word' id='word_1_164' title='bbox 1372 2181 1399 2244; x_wconf 87' lang='grc' dir='ltr'>(Β</span> 
     </span>
     <span class='ocr_line' id='line_1_18' title="bbox 195 2267 1402 2332; baseline -0.001 -15"><span class='ocrx_word' id='word_1_165' title='bbox 195 2268 274 2330; x_wconf 82' lang='lat' dir='ltr'>ialer)</span> <span class='ocrx_word' id='word_1_166' title='bbox 293 2270 384 2316; x_wconf 77' lang='lat' dir='ltr'>Areae</span> <span class='ocrx_word' id='word_1_167' title='bbox 401 2271 426 2317; x_wconf 85' lang='lat' dir='ltr'>el</span> <span class='ocrx_word' id='word_1_168' title='bbox 447 2269 558 2332; x_wconf 73' lang='lat' dir='ltr'>Caiphae</span> <span class='ocrx_word' id='word_1_169' title='bbox 576 2267 605 2330; x_wconf 90' lang='grc' dir='ltr'>(Β</span> <span class='ocrx_word' id='word_1_170' title='bbox 623 2285 675 2317; x_wconf 81' lang='lat' dir='ltr'>-am</span> <span class='ocrx_word' id='word_1_171' title='bbox 693 2272 717 2317; x_wconf 80' lang='lat' dir='ltr'>el</span> <span class='ocrx_word' id='word_1_172' title='bbox 734 2269 797 2332; x_wconf 69' lang='lat' dir='ltr'>ara)</span> <span class='ocrx_word' id='word_1_173' title='bbox 817 2285 875 2318; x_wconf 88' lang='lat' dir='ltr'>cum</span> <span class='ocrx_word' id='word_1_174' title='bbox 894 2281 929 2321; x_wconf 69' lang='lat' dir='ltr'>AB</span> <span class='ocrx_word' id='word_1_175' title='bbox 949 2304 955 2318; x_wconf 89' lang='lat'>.</span> <span class='ocrx_word' id='word_1_176' title='bbox 972 2304 979 2317; x_wconf 88' lang='lat'><strong>.</strong></span> <span class='ocrx_word' id='word_1_177' title='bbox 999 2282 1014 2319; x_wconf 89' lang='lat' dir='ltr'>c</span> <span class='ocrx_word' id='word_1_178' title='bbox 1033 2271 1057 2316; x_wconf 85' lang='lat' dir='ltr'>et</span> <span class='ocrx_word' id='word_1_179' title='bbox 1071 2271 1207 2332; x_wconf 78' lang='lat' dir='ltr'>postquam</span> <span class='ocrx_word' id='word_1_180' title='bbox 1222 2268 1402 2317; x_wconf 60' lang='lat' dir='ltr'>lavaremur</span> 
     </span>
     <span class='ocr_line' id='line_1_19' title="bbox 196 2354 1400 2421; baseline -0.002 -16"><span class='ocrx_word' id='word_1_181' title='bbox 196 2372 222 2405; x_wconf 85' lang='lat' dir='ltr'>ee</span> <span class='ocrx_word' id='word_1_182' title='bbox 240 2357 274 2404; x_wconf 86' lang='lat' dir='ltr'>ad</span> <span class='ocrx_word' id='word_1_183' title='bbox 292 2358 405 2415; x_wconf 71' lang='lat' dir='ltr'>lavinam,</span> <span class='ocrx_word' id='word_1_184' title='bbox 425 2357 599 2414; x_wconf 71' lang='lat' dir='ltr'>consederent,</span> <span class='ocrx_word' id='word_1_185' title='bbox 617 2357 718 2406; x_wconf 76' lang='lat' dir='ltr'>eederle</span> <span class='ocrx_word' id='word_1_186' title='bbox 730 2359 820 2421; x_wconf 84' lang='lat' dir='ltr'>Ioeepl</span> <span class='ocrx_word' id='word_1_187' title='bbox 833 2358 860 2406; x_wconf 82' lang='lat' dir='ltr'>ia</span> <span class='ocrx_word' id='word_1_188' title='bbox 877 2358 958 2406; x_wconf 84' lang='lat' dir='ltr'>medio</span> <span class='ocrx_word' id='word_1_189' title='bbox 971 2359 1039 2404; x_wconf 77' lang='lat' dir='ltr'>Arra.</span> <span class='ocrx_word' id='word_1_190' title='bbox 1054 2360 1079 2403; x_wconf 78' lang='lat' dir='ltr'>et</span> <span class='ocrx_word' id='word_1_191' title='bbox 1093 2355 1136 2405; x_wconf 81' lang='lat' dir='ltr'>Ca.</span> <span class='ocrx_word' id='word_1_192' title='bbox 1152 2354 1156 2416; x_wconf 90' lang='grc'>1</span> <span class='ocrx_word' id='word_1_193' title='bbox 1172 2355 1211 2403; x_wconf 74' lang='lat' dir='ltr'>Et</span> <span class='ocrx_word' id='word_1_194' title='bbox 1221 2372 1291 2404; x_wconf 73' lang='lat' dir='ltr'>nemo</span> <span class='ocrx_word' id='word_1_195' title='bbox 1304 2355 1335 2415; x_wconf 90' lang='grc' dir='ltr'>(Β</span> <span class='ocrx_word' id='word_1_196' title='bbox 1347 2354 1400 2404; x_wconf 76' lang='lat' dir='ltr'>edd</span> 
     </span>
     <span class='ocr_line' id='line_1_20' title="bbox 198 2439 1401 2505; baseline -0.001 -17"><span class='ocrx_word' id='word_1_197' title='bbox 198 2441 292 2504; x_wconf 75' lang='lat' dir='ltr'>eorem)</span> <span class='ocrx_word' id='word_1_198' title='bbox 311 2456 387 2491; x_wconf 68' lang='lat' dir='ltr'>amre</span> <span class='ocrx_word' id='word_1_199' title='bbox 404 2444 442 2490; x_wconf 77' lang='lat' dir='ltr'>eei</span> <span class='ocrx_word' id='word_1_200' title='bbox 460 2440 485 2503; x_wconf 90' lang='lat' dir='ltr'>(c</span> <span class='ocrx_word' id='word_1_201' title='bbox 499 2441 619 2500; x_wconf 76' lang='lat' dir='ltr'>audebat)</span> <span class='ocrx_word' id='word_1_202' title='bbox 634 2441 703 2505; x_wconf 80' lang='lat' dir='ltr'>loqui</span> <span class='ocrx_word' id='word_1_203' title='bbox 720 2442 789 2492; x_wconf 90' lang='lat' dir='ltr'>verb.</span> <span class='ocrx_word' id='word_1_204' title='bbox 804 2441 832 2503; x_wconf 98' lang='grc' dir='ltr'>(Β</span> <span class='ocrx_word' id='word_1_205' title='bbox 844 2459 882 2492; x_wconf 87' lang='lat' dir='ltr'>oe.</span> <span class='ocrx_word' id='word_1_206' title='bbox 897 2457 953 2500; x_wconf 78' lang='lat' dir='ltr'>0m3</span> <span class='ocrx_word' id='word_1_207' title='bbox 973 2455 988 2492; x_wconf 86' lang='lat' dir='ltr'>c</span> <span class='ocrx_word' id='word_1_208' title='bbox 1003 2441 1164 2502; x_wconf 70' lang='lat' dir='ltr'>interrepere</span> <span class='ocrx_word' id='word_1_209' title='bbox 1177 2440 1228 2489; x_wconf 80' lang='lat' dir='ltr'>Iov.</span> <span class='ocrx_word' id='word_1_210' title='bbox 1243 2439 1326 2502; x_wconf 78' lang='lat' dir='ltr'>verb.)</span> <span class='ocrx_word' id='word_1_211' title='bbox 1342 2440 1346 2502; x_wconf 88' lang='grc'>1</span> <span class='ocrx_word' id='word_1_212' title='bbox 1363 2440 1401 2488; x_wconf 78' lang='lat' dir='ltr'>El</span> 
     </span>
     <span class='ocr_line' id='line_1_21' title="bbox 197 2524 1399 2590; baseline 0.001 -18"><span class='ocrx_word' id='word_1_213' title='bbox 197 2525 252 2575; x_wconf 79' lang='lat' dir='ltr'>dix.</span> <span class='ocrx_word' id='word_1_214' title='bbox 267 2526 301 2575; x_wconf 85' lang='lat' dir='ltr'>od</span> <span class='ocrx_word' id='word_1_215' title='bbox 313 2542 355 2575; x_wconf 75' lang='lat' dir='ltr'>eor</span> <span class='ocrx_word' id='word_1_216' title='bbox 366 2524 395 2588; x_wconf 91' lang='grc' dir='ltr'>(Β</span> <span class='ocrx_word' id='word_1_217' title='bbox 407 2525 461 2587; x_wconf 90' lang='lat' dir='ltr'>om)</span> <span class='ocrx_word' id='word_1_218' title='bbox 475 2529 526 2575; x_wconf 75' lang='lat' dir='ltr'>Iov.</span> <span class='ocrx_word' id='word_1_219' title='bbox 547 2525 581 2574; x_wconf 83' lang='lat' dir='ltr'>Ul</span> <span class='ocrx_word' id='word_1_220' title='bbox 593 2524 620 2586; x_wconf 91' lang='grc' dir='ltr'>(Β</span> <span class='ocrx_word' id='word_1_221' title='bbox 633 2526 685 2588; x_wconf 91' lang='lat' dir='ltr'>om)</span> <span class='ocrx_word' id='word_1_222' title='bbox 700 2527 759 2590; x_wconf 78' lang='lat' dir='ltr'>quid</span> <span class='ocrx_word' id='word_1_223' title='bbox 770 2531 866 2576; x_wconf 64' lang='lat' dir='ltr'>voram.</span> <span class='ocrx_word' id='word_1_224' title='bbox 880 2543 917 2576; x_wconf 83' lang='lat' dir='ltr'>me</span> <span class='ocrx_word' id='word_1_225' title='bbox 929 2526 957 2589; x_wconf 75' lang='lat' dir='ltr'>(a</span> <span class='ocrx_word' id='word_1_226' title='bbox 970 2542 1061 2576; x_wconf 79' lang='lat' dir='ltr'>vorare</span> <span class='ocrx_word' id='word_1_227' title='bbox 1072 2539 1110 2571; x_wconf 84' lang='lat' dir='ltr'>me</span> <span class='ocrx_word' id='word_1_228' title='bbox 1118 2524 1236 2587; x_wconf 66' lang='lat' dir='ltr'>saeida)</span> <span class='ocrx_word' id='word_1_229' title='bbox 1250 2542 1309 2574; x_wconf 90' lang='lat' dir='ltr'>rum</span> <span class='ocrx_word' id='word_1_230' title='bbox 1322 2537 1357 2577; x_wconf 77' lang='lat' dir='ltr'>en</span> <span class='ocrx_word' id='word_1_231' title='bbox 1371 2559 1399 2575; x_wconf 91' lang='lat'>..</span> 
     </span>
     <span class='ocr_line' id='line_1_22' title="bbox 199 2608 1401 2675; baseline -0.003 -14"><span class='ocrx_word' id='word_1_232' title='bbox 199 2623 214 2661; x_wconf 89' lang='lat' dir='ltr'>c</span> <span class='ocrx_word' id='word_1_233' title='bbox 233 2626 274 2658; x_wconf 91' lang='lat' dir='ltr'>om</span> <span class='ocrx_word' id='word_1_234' title='bbox 299 2608 303 2671; x_wconf 76' lang='grc' dir='ltr'>ἱ</span> <span class='ocrx_word' id='word_1_235' title='bbox 329 2609 377 2658; x_wconf 84' lang='lat' dir='ltr'>Illi</span> <span class='ocrx_word' id='word_1_236' title='bbox 393 2624 452 2657; x_wconf 85' lang='lat' dir='ltr'>vero</span> <span class='ocrx_word' id='word_1_237' title='bbox 471 2609 498 2671; x_wconf 84' lang='lat' dir='ltr'>(c</span> <span class='ocrx_word' id='word_1_238' title='bbox 517 2608 579 2670; x_wconf 80' lang='lat' dir='ltr'>Sed)</span> <span class='ocrx_word' id='word_1_239' title='bbox 598 2610 696 2659; x_wconf 73' lang='lat' dir='ltr'>inaver.</span> <span class='ocrx_word' id='word_1_240' title='bbox 717 2609 743 2671; x_wconf 88' lang='lat' dir='ltr'>(c</span> <span class='ocrx_word' id='word_1_241' title='bbox 762 2610 909 2671; x_wconf 81' lang='lat' dir='ltr'>irruebant)</span> <span class='ocrx_word' id='word_1_242' title='bbox 927 2611 1008 2659; x_wconf 73' lang='lat' dir='ltr'>oeulis</span> <span class='ocrx_word' id='word_1_243' title='bbox 1026 2610 1054 2672; x_wconf 93' lang='grc' dir='ltr'>(Β</span> <span class='ocrx_word' id='word_1_244' title='bbox 1073 2612 1127 2675; x_wconf 92' lang='lat' dir='ltr'>om)</span> <span class='ocrx_word' id='word_1_245' title='bbox 1146 2611 1205 2659; x_wconf 83' lang='lat' dir='ltr'>Nic.</span> <span class='ocrx_word' id='word_1_246' title='bbox 1224 2614 1252 2658; x_wconf 78' lang='lat' dir='ltr'>ut</span> <span class='ocrx_word' id='word_1_247' title='bbox 1275 2610 1327 2673; x_wconf 78' lang='lat' dir='ltr'>loq.</span> <span class='ocrx_word' id='word_1_248' title='bbox 1347 2624 1401 2657; x_wconf 75' lang='lat' dir='ltr'>vves</span> 
     </span>
     <span class='ocr_line' id='line_1_23' title="bbox 197 2694 1400 2761; baseline -0.002 -13"><span class='ocrx_word' id='word_1_249' title='bbox 197 2696 227 2760; x_wconf 75' lang='grc' dir='ltr'>(Α</span> <span class='ocrx_word' id='word_1_250' title='bbox 240 2696 313 2758; x_wconf 72' lang='lat' dir='ltr'>omi)</span> <span class='ocrx_word' id='word_1_251' title='bbox 332 2697 385 2745; x_wconf 79' lang='lat' dir='ltr'>Iov.</span> <span class='ocrx_word' id='word_1_252' title='bbox 399 2695 428 2757; x_wconf 90' lang='grc' dir='ltr'>(Β</span> <span class='ocrx_word' id='word_1_253' title='bbox 439 2694 498 2756; x_wconf 83' lang='lat' dir='ltr'>illo)</span> <span class='ocrx_word' id='word_1_254' title='bbox 515 2697 519 2751; x_wconf 94' lang='grc' dir='ltr'>Ι</span> <span class='ocrx_word' id='word_1_255' title='bbox 535 2696 662 2758; x_wconf 72' lang='lat' dir='ltr'>Aperiens</span> <span class='ocrx_word' id='word_1_256' title='bbox 679 2700 763 2745; x_wconf 78' lang='lat' dir='ltr'>avrea</span> <span class='ocrx_word' id='word_1_257' title='bbox 775 2697 833 2745; x_wconf 83' lang='lat' dir='ltr'>Nic.</span> <span class='ocrx_word' id='word_1_258' title='bbox 847 2714 875 2747; x_wconf 87' lang='lat' dir='ltr'>oe</span> <span class='ocrx_word' id='word_1_259' title='bbox 892 2714 914 2746; x_wconf 85' lang='lat' dir='ltr'>e.</span> <span class='ocrx_word' id='word_1_260' title='bbox 928 2698 996 2746; x_wconf 77' lang='lat' dir='ltr'>divit</span> <span class='ocrx_word' id='word_1_261' title='bbox 1013 2714 1071 2747; x_wconf 84' lang='lat' dir='ltr'>cum</span> <span class='ocrx_word' id='word_1_262' title='bbox 1085 2714 1118 2751; x_wconf 79' lang='lat' dir='ltr'>nc</span> <span class='ocrx_word' id='word_1_263' title='bbox 1139 2736 1145 2748; x_wconf 96' lang='lat'>.</span> <span class='ocrx_word' id='word_1_264' title='bbox 1161 2735 1167 2748; x_wconf 92' lang='lat'><strong><em>.</em></strong></span> <span class='ocrx_word' id='word_1_265' title='bbox 1183 2711 1200 2747; x_wconf 90' lang='grc' dir='ltr'>Β</span> <span class='ocrx_word' id='word_1_266' title='bbox 1216 2697 1329 2761; x_wconf 61' lang='lat' dir='ltr'>stirpem</span> <span class='ocrx_word' id='word_1_267' title='bbox 1339 2712 1400 2760; x_wconf 73' lang='lat' dir='ltr'>erpo</span> 
     </span>
     <span class='ocr_line' id='line_1_24' title="bbox 198 2779 1401 2847; baseline 0.003 -19"><span class='ocrx_word' id='word_1_268' title='bbox 198 2781 257 2829; x_wconf 81' lang='lat' dir='ltr'>Nic.</span> <span class='ocrx_word' id='word_1_269' title='bbox 271 2780 324 2829; x_wconf 78' lang='lat' dir='ltr'>dia.</span> <span class='ocrx_word' id='word_1_270' title='bbox 342 2779 347 2843; x_wconf 78' lang='grc' dir='ltr'>Ι</span> <span class='ocrx_word' id='word_1_271' title='bbox 362 2780 443 2827; x_wconf 82' lang='lat' dir='ltr'>Pater</span> <span class='ocrx_word' id='word_1_272' title='bbox 455 2782 506 2828; x_wconf 83' lang='lat' dir='ltr'>Iov.</span> <span class='ocrx_word' id='word_1_273' title='bbox 521 2795 580 2828; x_wconf 86' lang='lat' dir='ltr'>curn</span> <span class='ocrx_word' id='word_1_274' title='bbox 594 2791 619 2836; x_wconf 84' lang='grc' dir='ltr'>Β,</span> <span class='ocrx_word' id='word_1_275' title='bbox 638 2781 703 2829; x_wconf 84' lang='lat' dir='ltr'>item</span> <span class='ocrx_word' id='word_1_276' title='bbox 716 2795 733 2831; x_wconf 73' lang='lat' dir='ltr'>a</span> <span class='ocrx_word' id='word_1_277' title='bbox 752 2781 849 2830; x_wconf 77' lang='lat' dir='ltr'>additia</span> <span class='ocrx_word' id='word_1_278' title='bbox 866 2782 1020 2830; x_wconf 72' lang='lat' dir='ltr'>venerabilis</span> <span class='ocrx_word' id='word_1_279' title='bbox 1038 2783 1105 2832; x_wconf 78' lang='lat' dir='ltr'>oravi</span> <span class='ocrx_word' id='word_1_280' title='bbox 1119 2782 1216 2847; x_wconf 75' lang='lat' dir='ltr'>popvlo</span> <span class='ocrx_word' id='word_1_281' title='bbox 1234 2781 1321 2830; x_wconf 71' lang='lat' dir='ltr'>Israel</span> <span class='ocrx_word' id='word_1_282' title='bbox 1339 2815 1346 2830; x_wconf 86' lang='lat'><strong>.</strong></span> <span class='ocrx_word' id='word_1_283' title='bbox 1362 2793 1401 2832; x_wconf 84' lang='lat' dir='ltr'>.c</span> 
     </span>
     <span class='ocr_line' id='line_1_25' title="bbox 198 2863 1399 2930; baseline 0.001 -14"><span class='ocrx_word' id='word_1_284' title='bbox 198 2867 232 2916; x_wconf 85' lang='lat' dir='ltr'>od</span> <span class='ocrx_word' id='word_1_285' title='bbox 250 2868 341 2928; x_wconf 78' lang='lat' dir='ltr'>Ioseph</span> <span class='ocrx_word' id='word_1_286' title='bbox 363 2865 523 2914; x_wconf 68' lang='lat' dir='ltr'>Venerabilis</span> <span class='ocrx_word' id='word_1_287' title='bbox 539 2870 616 2930; x_wconf 79' lang='lat' dir='ltr'>paler</span> <span class='ocrx_word' id='word_1_288' title='bbox 633 2868 700 2916; x_wconf 84' lang='lat' dir='ltr'>omni</span> <span class='ocrx_word' id='word_1_289' title='bbox 713 2881 774 2930; x_wconf 80' lang='lat' dir='ltr'>pop.</span> <span class='ocrx_word' id='word_1_290' title='bbox 794 2866 864 2928; x_wconf 69' lang='lat' dir='ltr'>Irni</span> <span class='ocrx_word' id='word_1_291' title='bbox 886 2868 936 2916; x_wconf 86' lang='lat' dir='ltr'>eoie</span> <span class='ocrx_word' id='word_1_292' title='bbox 954 2883 1012 2916; x_wconf 89' lang='lat' dir='ltr'>cum</span> <span class='ocrx_word' id='word_1_293' title='bbox 1031 2883 1048 2919; x_wconf 78' lang='lat' dir='ltr'>n</span> <span class='ocrx_word' id='word_1_294' title='bbox 1070 2903 1098 2918; x_wconf 87' lang='lat'>..</span> <span class='ocrx_word' id='word_1_295' title='bbox 1121 2882 1138 2918; x_wconf 90' lang='grc' dir='ltr'>Β</span> <span class='ocrx_word' id='word_1_296' title='bbox 1156 2869 1232 2926; x_wconf 76' lang='lat' dir='ltr'>reios,</span> <span class='ocrx_word' id='word_1_297' title='bbox 1251 2881 1375 2919; x_wconf 73' lang='lat' dir='ltr'>creveras</span> <span class='ocrx_word' id='word_1_298' title='bbox 1395 2863 1399 2930; x_wconf 88' lang='grc' dir='ltr'>Ι</span> 
     </span>
     <span class='ocr_line' id='line_1_26' title="bbox 197 2952 1400 3019; baseline 0.001 -18"><span class='ocrx_word' id='word_1_299' title='bbox 197 2953 337 3002; x_wconf 70' lang='lat' dir='ltr'>venerandi</span> <span class='ocrx_word' id='word_1_300' title='bbox 354 2953 407 3002; x_wconf 84' lang='lat' dir='ltr'>did.</span> <span class='ocrx_word' id='word_1_301' title='bbox 421 2969 474 3002; x_wconf 84' lang='lat' dir='ltr'>eac.</span> <span class='ocrx_word' id='word_1_302' title='bbox 489 2952 586 3002; x_wconf 82' lang='lat' dir='ltr'>elLev.</span> <span class='ocrx_word' id='word_1_303' title='bbox 607 2969 665 3002; x_wconf 88' lang='lat' dir='ltr'>cnm</span> <span class='ocrx_word' id='word_1_304' title='bbox 679 2964 714 3003; x_wconf 76' lang='grc' dir='ltr'>ΑΒ</span> <span class='ocrx_word' id='word_1_305' title='bbox 733 2988 759 3001; x_wconf 89' lang='grc'>..</span> <span class='ocrx_word' id='word_1_306' title='bbox 780 2966 795 3003; x_wconf 91' lang='lat' dir='ltr'>c</span> <span class='ocrx_word' id='word_1_307' title='bbox 809 2954 942 3017; x_wconf 64' lang='lat' dir='ltr'>principes</span> <span class='ocrx_word' id='word_1_308' title='bbox 959 2956 1118 3004; x_wconf 78' lang='lat' dir='ltr'>sacerdotum</span> <span class='ocrx_word' id='word_1_309' title='bbox 1133 2953 1137 3018; x_wconf 83' lang='grc'>1</span> <span class='ocrx_word' id='word_1_310' title='bbox 1154 2958 1280 3019; x_wconf 70' lang='lat' dir='ltr'>peremat</span> <span class='ocrx_word' id='word_1_311' title='bbox 1291 2991 1297 3004; x_wconf 94' lang='lat'>.</span> <span class='ocrx_word' id='word_1_312' title='bbox 1310 2989 1317 3002; x_wconf 87' lang='lat'><strong>.</strong></span> <span class='ocrx_word' id='word_1_313' title='bbox 1332 2968 1400 3005; x_wconf 75' lang='lat' dir='ltr'>cve·</span> 
     </span>
     <span class='ocr_line' id='line_1_27' title="bbox 196 3039 1400 3104; baseline 0.001 -17"><span class='ocrx_word' id='word_1_314' title='bbox 196 3041 271 3102; x_wconf 77' lang='lat' dir='ltr'>piavi</span> <span class='ocrx_word' id='word_1_315' title='bbox 286 3039 290 3100; x_wconf 92' lang='grc' dir='ltr'>Ι</span> <span class='ocrx_word' id='word_1_316' title='bbox 306 3039 397 3087; x_wconf 78' lang='lat' dir='ltr'>audire</span> <span class='ocrx_word' id='word_1_317' title='bbox 415 3055 432 3086; x_wconf 90' lang='lat' dir='ltr'>a</span> <span class='ocrx_word' id='word_1_318' title='bbox 450 3042 475 3087; x_wconf 79' lang='lat' dir='ltr'>le</span> <span class='ocrx_word' id='word_1_319' title='bbox 491 3039 559 3087; x_wconf 89' lang='lat' dir='ltr'>verb.</span> <span class='ocrx_word' id='word_1_320' title='bbox 578 3055 636 3087; x_wconf 90' lang='lat' dir='ltr'>cnm</span> <span class='ocrx_word' id='word_1_321' title='bbox 656 3052 715 3089; x_wconf 85' lang='lat' dir='ltr'>c..</span> <span class='ocrx_word' id='word_1_322' title='bbox 733 3055 750 3090; x_wconf 78' lang='lat' dir='ltr'>n</span> <span class='ocrx_word' id='word_1_323' title='bbox 768 3055 785 3087; x_wconf 86' lang='lat' dir='ltr'>a</span> <span class='ocrx_word' id='word_1_324' title='bbox 803 3043 827 3088; x_wconf 84' lang='lat' dir='ltr'>le</span> <span class='ocrx_word' id='word_1_325' title='bbox 846 3039 916 3102; x_wconf 72' lang='lat' dir='ltr'>loqui</span> <span class='ocrx_word' id='word_1_326' title='bbox 933 3040 1001 3088; x_wconf 89' lang='lat' dir='ltr'>verb.</span> <span class='ocrx_word' id='word_1_327' title='bbox 1016 3040 1130 3104; x_wconf 77' lang='lat' dir='ltr'>aliquod,</span> <span class='ocrx_word' id='word_1_328' title='bbox 1148 3042 1263 3090; x_wconf 69' lang='lat' dir='ltr'>adivere</span> <span class='ocrx_word' id='word_1_329' title='bbox 1275 3039 1400 3103; x_wconf 68' lang='lat' dir='ltr'>quodam</span> 
     </span>
     <span class='ocr_line' id='line_1_28' title="bbox 197 3122 1400 3187; baseline 0.002 -14"><span class='ocrx_word' id='word_1_330' title='bbox 197 3125 264 3174; x_wconf 82' lang='lat' dir='ltr'>verb.</span> <span class='ocrx_word' id='word_1_331' title='bbox 280 3126 285 3184; x_wconf 88' lang='grc' dir='ltr'>Ι</span> <span class='ocrx_word' id='word_1_332' title='bbox 300 3124 339 3172; x_wconf 74' lang='lat' dir='ltr'>Ee</span> <span class='ocrx_word' id='word_1_333' title='bbox 351 3124 380 3187; x_wconf 89' lang='grc' dir='ltr'>(Β</span> <span class='ocrx_word' id='word_1_334' title='bbox 393 3122 446 3186; x_wconf 86' lang='lat' dir='ltr'>om)</span> <span class='ocrx_word' id='word_1_335' title='bbox 459 3124 512 3171; x_wconf 74' lang='lat' dir='ltr'>dio.</span> <span class='ocrx_word' id='word_1_336' title='bbox 525 3124 576 3172; x_wconf 79' lang='lat' dir='ltr'>Ios.</span> <span class='ocrx_word' id='word_1_337' title='bbox 592 3122 618 3185; x_wconf 88' lang='lat' dir='ltr'>(e</span> <span class='ocrx_word' id='word_1_338' title='bbox 637 3126 675 3171; x_wconf 75' lang='lat' dir='ltr'>At</span> <span class='ocrx_word' id='word_1_339' title='bbox 692 3122 750 3185; x_wconf 82' lang='lat' dir='ltr'>ille)</span> <span class='ocrx_word' id='word_1_340' title='bbox 763 3124 927 3187; x_wconf 72' lang='lat' dir='ltr'>Ialerropate</span> <span class='ocrx_word' id='word_1_341' title='bbox 943 3125 972 3185; x_wconf 73' lang='lat' dir='ltr'>(a</span> <span class='ocrx_word' id='word_1_342' title='bbox 989 3125 1057 3186; x_wconf 78' lang='lat' dir='ltr'>Quid</span> <span class='ocrx_word' id='word_1_343' title='bbox 1075 3125 1154 3174; x_wconf 69' lang='lat' dir='ltr'>voltis</span> <span class='ocrx_word' id='word_1_344' title='bbox 1170 3130 1199 3174; x_wconf 76' lang='lat' dir='ltr'>et</span> <span class='ocrx_word' id='word_1_345' title='bbox 1216 3126 1300 3174; x_wconf 84' lang='lat' dir='ltr'>divam</span> <span class='ocrx_word' id='word_1_346' title='bbox 1319 3126 1400 3182; x_wconf 78' lang='lat' dir='ltr'>vobis,-</span> 
     </span>
     <span class='ocr_line' id='line_1_29' title="bbox 198 3208 1400 3276; baseline -0.002 -13"><span class='ocrx_word' id='word_1_347' title='bbox 198 3225 213 3263; x_wconf 88' lang='lat' dir='ltr'>c</span> <span class='ocrx_word' id='word_1_348' title='bbox 232 3212 409 3274; x_wconf 65' lang='lat' dir='ltr'>Interropelia</span> <span class='ocrx_word' id='word_1_349' title='bbox 427 3215 452 3258; x_wconf 82' lang='lat' dir='ltr'>el</span> <span class='ocrx_word' id='word_1_350' title='bbox 469 3227 514 3274; x_wconf 71' lang='lat' dir='ltr'>epo</span> <span class='ocrx_word' id='word_1_351' title='bbox 532 3210 698 3274; x_wconf 71' lang='lat' dir='ltr'>respondebo)</span> <span class='ocrx_word' id='word_1_352' title='bbox 719 3208 724 3273; x_wconf 92' lang='grc' dir='ltr'>Ι</span> <span class='ocrx_word' id='word_1_353' title='bbox 747 3210 875 3260; x_wconf 72' lang='lat' dir='ltr'>Pallentes</span> <span class='ocrx_word' id='word_1_354' title='bbox 892 3216 945 3261; x_wconf 76' lang='lat' dir='ltr'>out.</span> <span class='ocrx_word' id='word_1_355' title='bbox 965 3215 1056 3261; x_wconf 77' lang='lat' dir='ltr'>Areae</span> <span class='ocrx_word' id='word_1_356' title='bbox 1074 3211 1120 3275; x_wconf 72' lang='grc' dir='ltr'>(ΑΒ</span> <span class='ocrx_word' id='word_1_357' title='bbox 1138 3214 1294 3276; x_wconf 83' lang='lat' dir='ltr'>plerumque</span> <span class='ocrx_word' id='word_1_358' title='bbox 1314 3215 1400 3272; x_wconf 71' lang='lat' dir='ltr'>Aera,</span> 
     </span>
     <span class='ocr_line' id='line_1_30' title="bbox 197 3293 1399 3361; baseline 0 -16"><span class='ocrx_word' id='word_1_359' title='bbox 197 3296 263 3345; x_wconf 87' lang='lat' dir='ltr'>item</span> <span class='ocrx_word' id='word_1_360' title='bbox 282 3295 354 3358; x_wconf 67' lang='lat' dir='ltr'>edP&#39;)</span> <span class='ocrx_word' id='word_1_361' title='bbox 373 3297 398 3343; x_wconf 78' lang='lat' dir='ltr'>et</span> <span class='ocrx_word' id='word_1_362' title='bbox 418 3295 461 3343; x_wconf 80' lang='lat' dir='ltr'>Oa.</span> <span class='ocrx_word' id='word_1_363' title='bbox 483 3295 561 3358; x_wconf 64' lang='lat' dir='ltr'>opem</span> <span class='ocrx_word' id='word_1_364' title='bbox 579 3293 605 3356; x_wconf 88' lang='lat' dir='ltr'>(c</span> <span class='ocrx_word' id='word_1_365' title='bbox 624 3295 760 3359; x_wconf 74' lang='lat' dir='ltr'>Principes</span> <span class='ocrx_word' id='word_1_366' title='bbox 780 3311 839 3344; x_wconf 88' lang='lat' dir='ltr'>vero</span> <span class='ocrx_word' id='word_1_367' title='bbox 858 3296 978 3345; x_wconf 78' lang='lat' dir='ltr'>lollealee</span> <span class='ocrx_word' id='word_1_368' title='bbox 996 3296 1058 3361; x_wconf 75' lang='lat' dir='ltr'>lep.)</span> <span class='ocrx_word' id='word_1_369' title='bbox 1077 3327 1086 3337; x_wconf 92' lang='lat'><em>-</em></span> <span class='ocrx_word' id='word_1_370' title='bbox 1104 3297 1217 3346; x_wconf 78' lang='lat' dir='ltr'>dicenter</span> <span class='ocrx_word' id='word_1_371' title='bbox 1234 3296 1261 3359; x_wconf 87' lang='lat' dir='ltr'>(c</span> <span class='ocrx_word' id='word_1_372' title='bbox 1280 3296 1333 3345; x_wconf 84' lang='lat' dir='ltr'>add</span> <span class='ocrx_word' id='word_1_373' title='bbox 1351 3297 1399 3345; x_wconf 73' lang='grc' dir='ltr'>Βο-</span> 
     </span>
     <span class='ocr_line' id='line_1_31' title="bbox 197 3377 1401 3446; baseline -0.001 -16"><span class='ocrx_word' id='word_1_374' title='bbox 197 3382 304 3430; x_wconf 83' lang='lat' dir='ltr'>vereade</span> <span class='ocrx_word' id='word_1_375' title='bbox 317 3382 397 3443; x_wconf 85' lang='lat' dir='ltr'>paler</span> <span class='ocrx_word' id='word_1_376' title='bbox 409 3379 511 3443; x_wconf 82' lang='lat' dir='ltr'>Iovepb)</span> <span class='ocrx_word' id='word_1_377' title='bbox 530 3408 539 3417; x_wconf 95' lang='lat'><em>·</em></span> <span class='ocrx_word' id='word_1_378' title='bbox 558 3379 593 3427; x_wconf 88' lang='lat' dir='ltr'>da</span> <span class='ocrx_word' id='word_1_379' title='bbox 605 3379 629 3427; x_wconf 85' lang='lat' dir='ltr'>ei</span> <span class='ocrx_word' id='word_1_380' title='bbox 641 3377 671 3441; x_wconf 71' lang='lat' dir='ltr'>(a</span> <span class='ocrx_word' id='word_1_381' title='bbox 683 3379 736 3441; x_wconf 81' lang='lat' dir='ltr'>die)</span> <span class='ocrx_word' id='word_1_382' title='bbox 750 3381 930 3444; x_wconf 74' lang='lat' dir='ltr'>consessionem</span> <span class='ocrx_word' id='word_1_383' title='bbox 947 3384 976 3429; x_wconf 78' lang='lat' dir='ltr'>at</span> <span class='ocrx_word' id='word_1_384' title='bbox 986 3397 1036 3429; x_wconf 79' lang='lat' dir='ltr'>aon</span> <span class='ocrx_word' id='word_1_385' title='bbox 1048 3381 1188 3430; x_wconf 75' lang='lat' dir='ltr'>abscondar</span> <span class='ocrx_word' id='word_1_386' title='bbox 1201 3389 1230 3442; x_wconf 78' lang='lat' dir='ltr'>(a</span> <span class='ocrx_word' id='word_1_387' title='bbox 1244 3382 1350 3446; x_wconf 77' lang='lat' dir='ltr'>versere.</span> <span class='ocrx_word' id='word_1_388' title='bbox 1364 3380 1401 3429; x_wconf 75' lang='lat' dir='ltr'>El</span> 
     </span>
     <span class='ocr_line' id='line_1_32' title="bbox 198 3463 1399 3532; baseline 0 -16"><span class='ocrx_word' id='word_1_389' title='bbox 198 3468 315 3531; x_wconf 75' lang='lat' dir='ltr'>quoniam</span> <span class='ocrx_word' id='word_1_390' title='bbox 329 3470 408 3530; x_wconf 82' lang='lat' dir='ltr'>paler</span> <span class='ocrx_word' id='word_1_391' title='bbox 425 3481 452 3513; x_wconf 86' lang='lat' dir='ltr'>ee</span> <span class='ocrx_word' id='word_1_392' title='bbox 464 3469 537 3527; x_wconf 82' lang='lat' dir='ltr'>Ioeep</span> <span class='ocrx_word' id='word_1_393' title='bbox 556 3468 656 3514; x_wconf 79' lang='lat' dir='ltr'>amatve</span> <span class='ocrx_word' id='word_1_394' title='bbox 675 3463 755 3530; x_wconf 75' lang='lat' dir='ltr'>[hene</span> <span class='ocrx_word' id='word_1_395' title='bbox 769 3480 860 3515; x_wconf 83' lang='lat' dir='ltr'>vocem</span> <span class='ocrx_word' id='word_1_396' title='bbox 880 3466 975 3516; x_wconf 87' lang='lat' dir='ltr'>dubito</span> <span class='ocrx_word' id='word_1_397' title='bbox 994 3482 1028 3516; x_wconf 82' lang='lat' dir='ltr'>an</span> <span class='ocrx_word' id='word_1_398' title='bbox 1047 3473 1121 3517; x_wconf 86' lang='lat' dir='ltr'>recte</span> <span class='ocrx_word' id='word_1_399' title='bbox 1140 3467 1274 3532; x_wconf 57' lang='lat' dir='ltr'>legerim}</span> <span class='ocrx_word' id='word_1_400' title='bbox 1292 3484 1343 3516; x_wconf 78' lang='lat' dir='ltr'>eoa</span> <span class='ocrx_word' id='word_1_401' title='bbox 1357 3466 1399 3516; x_wconf 83' lang='lat' dir='ltr'>ab·</span> 
     </span>
     <span class='ocr_line' id='line_1_33' title="bbox 198 3550 1400 3615; baseline -0.002 -14"><span class='ocrx_word' id='word_1_402' title='bbox 198 3552 318 3606; x_wconf 76' lang='lat' dir='ltr'>sevadae,-</span> <span class='ocrx_word' id='word_1_403' title='bbox 337 3563 354 3601; x_wconf 86' lang='grc' dir='ltr'>Β</span> <span class='ocrx_word' id='word_1_404' title='bbox 373 3551 480 3614; x_wconf 77' lang='lat' dir='ltr'>versere.</span> <span class='ocrx_word' id='word_1_405' title='bbox 505 3550 544 3598; x_wconf 74' lang='lat' dir='ltr'>Ee</span> <span class='ocrx_word' id='word_1_406' title='bbox 562 3551 675 3614; x_wconf 72' lang='lat' dir='ltr'>pomario</span> <span class='ocrx_word' id='word_1_407' title='bbox 692 3551 790 3599; x_wconf 70' lang='lat' dir='ltr'>aeriter</span> <span class='ocrx_word' id='word_1_408' title='bbox 807 3551 834 3599; x_wconf 82' lang='lat' dir='ltr'>ire</span> <span class='ocrx_word' id='word_1_409' title='bbox 853 3552 878 3599; x_wconf 85' lang='lat' dir='ltr'>le</span> <span class='ocrx_word' id='word_1_410' title='bbox 892 3554 1061 3615; x_wconf 74' lang='lat' dir='ltr'>peccavimus,</span> <span class='ocrx_word' id='word_1_411' title='bbox 1075 3555 1155 3613; x_wconf 79' lang='lat' dir='ltr'>paler</span> <span class='ocrx_word' id='word_1_412' title='bbox 1167 3554 1231 3609; x_wconf 73' lang='lat' dir='ltr'>loa,</span> <span class='ocrx_word' id='word_1_413' title='bbox 1249 3568 1299 3600; x_wconf 79' lang='lat' dir='ltr'>eor</span> <span class='ocrx_word' id='word_1_414' title='bbox 1317 3554 1400 3599; x_wconf 75' lang='lat' dir='ltr'>tamen</span> 
     </span>
     <span class='ocr_line' id='line_1_34' title="bbox 200 3626 1399 3699; baseline 0 -14"><span class='ocrx_word' id='word_1_415' title='bbox 200 3636 280 3698; x_wconf 86' lang='lat' dir='ltr'>abeo.)</span> <span class='ocrx_word' id='word_1_416' title='bbox 299 3653 315 3683; x_wconf 88' lang='lat' dir='ltr'>a</span> <span class='ocrx_word' id='word_1_417' title='bbox 334 3635 379 3697; x_wconf 76' lang='lat' dir='ltr'>(AB</span> <span class='ocrx_word' id='word_1_418' title='bbox 393 3634 447 3697; x_wconf 80' lang='lat' dir='ltr'>om)</span> <span class='ocrx_word' id='word_1_419' title='bbox 466 3635 521 3683; x_wconf 80' lang='lat' dir='ltr'>aab.</span> <span class='ocrx_word' id='word_1_420' title='bbox 533 3634 582 3684; x_wconf 76' lang='lat' dir='ltr'>vll.</span> <span class='ocrx_word' id='word_1_421' title='bbox 596 3635 662 3684; x_wconf 84' lang='lat' dir='ltr'>verb.</span> <span class='ocrx_word' id='word_1_422' title='bbox 677 3651 735 3685; x_wconf 87' lang='lat' dir='ltr'>cum</span> <span class='ocrx_word' id='word_1_423' title='bbox 749 3648 800 3687; x_wconf 73' lang='lat' dir='ltr'>een</span> <span class='ocrx_word' id='word_1_424' title='bbox 819 3669 827 3683; x_wconf 90' lang='grc'><strong>.</strong></span> <span class='ocrx_word' id='word_1_425' title='bbox 844 3672 850 3686; x_wconf 93' lang='grc'><strong>.</strong></span> <span class='ocrx_word' id='word_1_426' title='bbox 871 3626 933 3686; x_wconf 76' lang='lat' dir='ltr'>D¹¹³⁰</span> <span class='ocrx_word' id='word_1_427' title='bbox 946 3636 1007 3686; x_wconf 75' lang='lat' dir='ltr'>edpr</span> <span class='ocrx_word' id='word_1_428' title='bbox 1020 3638 1110 3686; x_wconf 75' lang='lat' dir='ltr'>Aurae</span> <span class='ocrx_word' id='word_1_429' title='bbox 1127 3641 1153 3686; x_wconf 80' lang='lat' dir='ltr'>et</span> <span class='ocrx_word' id='word_1_430' title='bbox 1166 3637 1254 3699; x_wconf 82' lang='lat' dir='ltr'>Oaipb.</span> <span class='ocrx_word' id='word_1_431' title='bbox 1268 3638 1295 3685; x_wconf 78' lang='lat' dir='ltr'>el</span> <span class='ocrx_word' id='word_1_432' title='bbox 1306 3635 1399 3685; x_wconf 78' lang='lat' dir='ltr'>Nicod.</span> 
     </span>
     <span class='ocr_line' id='line_1_35' title="bbox 198 3711 1401 3787; baseline -0.003 -13"><span class='ocrx_word' id='word_1_433' title='bbox 198 3726 281 3774; x_wconf 67' lang='lat' dir='ltr'>dicer.</span> <span class='ocrx_word' id='word_1_434' title='bbox 292 3725 327 3772; x_wconf 82' lang='lat' dir='ltr'>ad</span> <span class='ocrx_word' id='word_1_435' title='bbox 339 3724 430 3785; x_wconf 76' lang='lat' dir='ltr'>Ioseph</span> <span class='ocrx_word' id='word_1_436' title='bbox 441 3721 487 3771; x_wconf 87' lang='lat' dir='ltr'>Da</span> <span class='ocrx_word' id='word_1_437' title='bbox 499 3723 607 3787; x_wconf 80' lang='lat' dir='ltr'>voaseee.</span> <span class='ocrx_word' id='word_1_438' title='bbox 617 3723 665 3771; x_wconf 82' lang='lat' dir='ltr'>deo</span> <span class='ocrx_word' id='word_1_439' title='bbox 677 3711 722 3782; x_wconf 76' lang='lat' dir='ltr'>(1)b</span> <span class='ocrx_word' id='word_1_440' title='bbox 733 3723 788 3786; x_wconf 92' lang='lat' dir='ltr'>om)</span> <span class='ocrx_word' id='word_1_441' title='bbox 802 3724 888 3773; x_wconf 74' lang='lat' dir='ltr'>Israel</span> <span class='ocrx_word' id='word_1_442' title='bbox 900 3722 973 3787; x_wconf 78' lang='lat' dir='ltr'>(edpr</span> <span class='ocrx_word' id='word_1_443' title='bbox 982 3722 1036 3785; x_wconf 90' lang='lat' dir='ltr'>om)</span> <span class='ocrx_word' id='word_1_444' title='bbox 1049 3728 1075 3772; x_wconf 80' lang='lat' dir='ltr'>et</span> <span class='ocrx_word' id='word_1_445' title='bbox 1085 3724 1223 3787; x_wconf 74' lang='lat' dir='ltr'>manifesta</span> <span class='ocrx_word' id='word_1_446' title='bbox 1234 3723 1305 3772; x_wconf 72' lang='lat' dir='ltr'>vobis</span> <span class='ocrx_word' id='word_1_447' title='bbox 1317 3723 1401 3772; x_wconf 74' lang='lat' dir='ltr'>menia</span> 
     </span>
     <span class='ocr_line' id='line_1_36' title="bbox 199 3797 1401 3879; baseline -0.005 -19"><span class='ocrx_word' id='word_1_448' title='bbox 199 3813 231 3863; x_wconf 82' lang='lat' dir='ltr'>de</span> <span class='ocrx_word' id='word_1_449' title='bbox 243 3810 331 3875; x_wconf 73' lang='lat' dir='ltr'>qvibvs</span> <span class='ocrx_word' id='word_1_450' title='bbox 343 3797 388 3870; x_wconf 81' lang='lat' dir='ltr'>(1)b</span> <span class='ocrx_word' id='word_1_451' title='bbox 402 3807 477 3872; x_wconf 75' lang='lat' dir='ltr'>puae)</span> <span class='ocrx_word' id='word_1_452' title='bbox 489 3805 756 3871; x_wconf 72' lang='lat' dir='ltr'>iuterroyvluesrerie</span> <span class='ocrx_word' id='word_1_453' title='bbox 771 3805 776 3873; x_wconf 91' lang='grc' dir='ltr'>Ι</span> <span class='ocrx_word' id='word_1_454' title='bbox 791 3808 895 3857; x_wconf 70' lang='lat' dir='ltr'>Elaia.</span> <span class='ocrx_word' id='word_1_455' title='bbox 909 3808 944 3855; x_wconf 84' lang='lat' dir='ltr'>ad</span> <span class='ocrx_word' id='word_1_456' title='bbox 955 3822 1010 3856; x_wconf 72' lang='lat' dir='ltr'>eure</span> <span class='ocrx_word' id='word_1_457' title='bbox 1022 3807 1050 3868; x_wconf 86' lang='grc' dir='ltr'>(Β</span> <span class='ocrx_word' id='word_1_458' title='bbox 1063 3808 1102 3856; x_wconf 75' lang='lat' dir='ltr'>Er</span> <span class='ocrx_word' id='word_1_459' title='bbox 1113 3807 1197 3871; x_wconf 65' lang='lat' dir='ltr'>avae)</span> <span class='ocrx_word' id='word_1_460' title='bbox 1211 3807 1289 3856; x_wconf 59' lang='lat' dir='ltr'>reia.</span> <span class='ocrx_word' id='word_1_461' title='bbox 1304 3808 1333 3868; x_wconf 91' lang='grc' dir='ltr'>(Β</span> <span class='ocrx_word' id='word_1_462' title='bbox 1346 3811 1401 3879; x_wconf 90' lang='lat' dir='ltr'>om)</span> 
     </span>
     <span class='ocr_line' id='line_1_37' title="bbox 197 3892 1401 3958; baseline 0 -12"><span class='ocrx_word' id='word_1_463' title='bbox 197 3901 280 3947; x_wconf 61' lang='lat' dir='ltr'>coela</span> <span class='ocrx_word' id='word_1_464' title='bbox 293 3909 376 3943; x_wconf 71' lang='lat' dir='ltr'>mave</span> <span class='ocrx_word' id='word_1_465' title='bbox 387 3893 423 3956; x_wconf 88' lang='lat' dir='ltr'>(c,</span> <span class='ocrx_word' id='word_1_466' title='bbox 440 3894 546 3943; x_wconf 77' lang='lat' dir='ltr'>omissis</span> <span class='ocrx_word' id='word_1_467' title='bbox 564 3893 707 3957; x_wconf 86' lang='lat' dir='ltr'>prioribus,</span> <span class='ocrx_word' id='word_1_468' title='bbox 726 3893 799 3942; x_wconf 75' lang='lat' dir='ltr'>Solle</span> <span class='ocrx_word' id='word_1_469' title='bbox 816 3894 880 3942; x_wconf 68' lang='lat' dir='ltr'>nin</span> <span class='ocrx_word' id='word_1_470' title='bbox 898 3892 1060 3943; x_wconf 65' lang='lat' dir='ltr'>aeremberti</span> <span class='ocrx_word' id='word_1_471' title='bbox 1076 3893 1133 3955; x_wconf 78' lang='lat' dir='ltr'>roe)</span> <span class='ocrx_word' id='word_1_472' title='bbox 1153 3908 1194 3958; x_wconf 76' lang='lat' dir='ltr'>pe.</span> <span class='ocrx_word' id='word_1_473' title='bbox 1205 3896 1259 3958; x_wconf 83' lang='lat' dir='ltr'>pet.</span> <span class='ocrx_word' id='word_1_474' title='bbox 1272 3894 1299 3956; x_wconf 88' lang='lat' dir='ltr'>(c</span> <span class='ocrx_word' id='word_1_475' title='bbox 1312 3896 1366 3944; x_wconf 79' lang='lat' dir='ltr'>edd</span> <span class='ocrx_word' id='word_1_476' title='bbox 1384 3914 1401 3946; x_wconf 90' lang='lat' dir='ltr'>a</span> 
     </span>
     <span class='ocr_line' id='line_1_38' title="bbox 196 3979 1402 4046; baseline -0.002 -12"><span class='ocrx_word' id='word_1_477' title='bbox 196 3983 296 4046; x_wconf 80' lang='lat' dir='ltr'>Pilato)</span> <span class='ocrx_word' id='word_1_478' title='bbox 322 3984 460 4031; x_wconf 73' lang='lat' dir='ltr'>volart</span> <span class='ocrx_word' id='word_1_479' title='bbox 483 3981 578 4030; x_wconf 79' lang='lat' dir='ltr'>involv.</span> <span class='ocrx_word' id='word_1_480' title='bbox 604 3979 632 4043; x_wconf 92' lang='grc' dir='ltr'>(Β</span> <span class='ocrx_word' id='word_1_481' title='bbox 655 3980 709 4030; x_wconf 83' lang='lat' dir='ltr'>cdd</span> <span class='ocrx_word' id='word_1_482' title='bbox 733 3981 812 4037; x_wconf 80' lang='lat' dir='ltr'>illud,</span> <span class='ocrx_word' id='word_1_483' title='bbox 836 3993 851 4031; x_wconf 89' lang='lat' dir='ltr'>c</span> <span class='ocrx_word' id='word_1_484' title='bbox 874 3981 938 4043; x_wconf 79' lang='lat' dir='ltr'>eura)</span> <span class='ocrx_word' id='word_1_485' title='bbox 957 4011 967 4021; x_wconf 92' lang='lat'><em>-</em></span> <span class='ocrx_word' id='word_1_486' title='bbox 989 3996 1043 4029; x_wconf 81' lang='lat' dir='ltr'>eure</span> <span class='ocrx_word' id='word_1_487' title='bbox 1067 3981 1096 4042; x_wconf 90' lang='grc' dir='ltr'>(Β</span> <span class='ocrx_word' id='word_1_488' title='bbox 1113 3982 1151 4043; x_wconf 82' lang='lat' dir='ltr'>id)</span> <span class='ocrx_word' id='word_1_489' title='bbox 1174 3982 1201 4029; x_wconf 85' lang='lat' dir='ltr'>ia</span> <span class='ocrx_word' id='word_1_490' title='bbox 1218 3997 1282 4029; x_wconf 77' lang='lat' dir='ltr'>aar.</span> <span class='ocrx_word' id='word_1_491' title='bbox 1302 3981 1330 4044; x_wconf 84' lang='lat' dir='ltr'>(c</span> <span class='ocrx_word' id='word_1_492' title='bbox 1347 3982 1402 4034; x_wconf 75' lang='lat' dir='ltr'>edd</span> 
     </span>
     <span class='ocr_line' id='line_1_39' title="bbox 196 4064 1401 4130; baseline -0.001 -14"><span class='ocrx_word' id='word_1_493' title='bbox 196 4068 280 4130; x_wconf 81' lang='lat' dir='ltr'>aava).</span> <span class='ocrx_word' id='word_1_494' title='bbox 305 4067 367 4115; x_wconf 84' lang='lat' dir='ltr'>Ideo</span> <span class='ocrx_word' id='word_1_495' title='bbox 379 4065 469 4114; x_wconf 81' lang='lat' dir='ltr'>irvlue.</span> <span class='ocrx_word' id='word_1_496' title='bbox 485 4064 511 4127; x_wconf 92' lang='lat' dir='ltr'>(e</span> <span class='ocrx_word' id='word_1_497' title='bbox 523 4064 629 4126; x_wconf 79' lang='lat' dir='ltr'>revlae.)</span> <span class='ocrx_word' id='word_1_498' title='bbox 648 4069 673 4113; x_wconf 76' lang='lat' dir='ltr'>le</span> <span class='ocrx_word' id='word_1_499' title='bbox 690 4065 717 4112; x_wconf 80' lang='lat' dir='ltr'>ie</span> <span class='ocrx_word' id='word_1_500' title='bbox 729 4065 801 4113; x_wconf 84' lang='lat' dir='ltr'>domo</span> <span class='ocrx_word' id='word_1_501' title='bbox 820 4093 829 4103; x_wconf 95' lang='lat'>-</span> <span class='ocrx_word' id='word_1_502' title='bbox 842 4066 965 4127; x_wconf 68' lang='lat' dir='ltr'>semetra</span> <span class='ocrx_word' id='word_1_503' title='bbox 978 4064 1008 4127; x_wconf 88' lang='lat' dir='ltr'>(c</span> <span class='ocrx_word' id='word_1_504' title='bbox 1023 4081 1065 4114; x_wconf 91' lang='lat' dir='ltr'>om</span> <span class='ocrx_word' id='word_1_505' title='bbox 1078 4065 1105 4112; x_wconf 83' lang='lat' dir='ltr'>ia</span> <span class='ocrx_word' id='word_1_506' title='bbox 1116 4065 1159 4114; x_wconf 83' lang='lat' dir='ltr'>do.</span> <span class='ocrx_word' id='word_1_507' title='bbox 1174 4080 1257 4128; x_wconf 80' lang='lat' dir='ltr'>usque</span> <span class='ocrx_word' id='word_1_508' title='bbox 1266 4066 1401 4130; x_wconf 59' lang='lat' dir='ltr'>jesema),</span> 
     </span>
     <span class='ocr_line' id='line_1_40' title="bbox 197 4149 1403 4217; baseline 0.001 -14"><span class='ocrx_word' id='word_1_509' title='bbox 197 4158 222 4204; x_wconf 81' lang='lat' dir='ltr'>el</span> <span class='ocrx_word' id='word_1_510' title='bbox 240 4156 306 4203; x_wconf 81' lang='lat' dir='ltr'>clav.</span> <span class='ocrx_word' id='word_1_511' title='bbox 320 4155 368 4217; x_wconf 76' lang='lat' dir='ltr'>sip.</span> <span class='ocrx_word' id='word_1_512' title='bbox 378 4168 436 4215; x_wconf 82' lang='lat' dir='ltr'>poe.</span> <span class='ocrx_word' id='word_1_513' title='bbox 448 4153 476 4200; x_wconf 80' lang='lat' dir='ltr'>ia</span> <span class='ocrx_word' id='word_1_514' title='bbox 494 4155 571 4200; x_wconf 77' lang='lat' dir='ltr'>loeva</span> <span class='ocrx_word' id='word_1_515' title='bbox 585 4149 644 4216; x_wconf 86' lang='lat' dir='ltr'>(pro</span> <span class='ocrx_word' id='word_1_516' title='bbox 657 4153 728 4202; x_wconf 88' lang='lat' dir='ltr'>hisc</span> <span class='ocrx_word' id='word_1_517' title='bbox 745 4156 771 4201; x_wconf 82' lang='lat' dir='ltr'>el</span> <span class='ocrx_word' id='word_1_518' title='bbox 783 4154 914 4214; x_wconf 65' lang='lat' dir='ltr'>persever</span> <span class='ocrx_word' id='word_1_519' title='bbox 931 4154 1050 4202; x_wconf 70' lang='lat' dir='ltr'>mardes</span> <span class='ocrx_word' id='word_1_520' title='bbox 1068 4153 1196 4201; x_wconf 70' lang='lat' dir='ltr'>metodire</span> <span class='ocrx_word' id='word_1_521' title='bbox 1213 4152 1337 4214; x_wconf 61' lang='lat' dir='ltr'>marom).</span> <span class='ocrx_word' id='word_1_522' title='bbox 1363 4153 1403 4204; x_wconf 74' lang='lat' dir='ltr'>Bt</span> 
     </span>
     <span class='ocr_line' id='line_1_41' title="bbox 196 4236 1401 4302; baseline 0.001 -15"><span class='ocrx_word' id='word_1_523' title='bbox 196 4253 248 4287; x_wconf 72' lang='lat' dir='ltr'>aaa</span> <span class='ocrx_word' id='word_1_524' title='bbox 259 4239 327 4288; x_wconf 73' lang='lat' dir='ltr'>sabb.</span> <span class='ocrx_word' id='word_1_525' title='bbox 339 4239 482 4301; x_wconf 77' lang='lat' dir='ltr'>aperievtee</span> <span class='ocrx_word' id='word_1_526' title='bbox 492 4238 520 4298; x_wconf 88' lang='lat' dir='ltr'>(c</span> <span class='ocrx_word' id='word_1_527' title='bbox 533 4251 580 4299; x_wconf 86' lang='lat' dir='ltr'>pro</span> <span class='ocrx_word' id='word_1_528' title='bbox 594 4237 636 4285; x_wconf 83' lang='lat' dir='ltr'>his</span> <span class='ocrx_word' id='word_1_529' title='bbox 649 4237 688 4285; x_wconf 75' lang='lat' dir='ltr'>El</span> <span class='ocrx_word' id='word_1_530' title='bbox 700 4237 800 4302; x_wconf 78' lang='lat' dir='ltr'>qvando</span> <span class='ocrx_word' id='word_1_531' title='bbox 812 4239 957 4300; x_wconf 71' lang='lat' dir='ltr'>operabaris</span> <span class='ocrx_word' id='word_1_532' title='bbox 974 4237 1087 4286; x_wconf 80' lang='lat' dir='ltr'>volenter</span> <span class='ocrx_word' id='word_1_533' title='bbox 1108 4241 1132 4286; x_wconf 86' lang='lat' dir='ltr'>le</span> <span class='ocrx_word' id='word_1_534' title='bbox 1145 4236 1266 4301; x_wconf 81' lang='lat' dir='ltr'>perdere)</span> <span class='ocrx_word' id='word_1_535' title='bbox 1284 4254 1335 4288; x_wconf 78' lang='lat' dir='ltr'>eoa</span> <span class='ocrx_word' id='word_1_536' title='bbox 1351 4239 1401 4289; x_wconf 82' lang='lat' dir='ltr'>ier.</span> 
     </span>
     <span class='ocr_line' id='line_1_42' title="bbox 197 4321 1401 4388; baseline -0.002 -12"><span class='ocrx_word' id='word_1_537' title='bbox 197 4330 229 4376; x_wconf 79' lang='lat' dir='ltr'>le.</span> <span class='ocrx_word' id='word_1_538' title='bbox 264 4325 386 4374; x_wconf 72' lang='lat' dir='ltr'>Ooabrirl.</span> <span class='ocrx_word' id='word_1_539' title='bbox 406 4339 466 4386; x_wconf 74' lang='lat' dir='ltr'>erpo</span> <span class='ocrx_word' id='word_1_540' title='bbox 485 4322 512 4387; x_wconf 91' lang='lat' dir='ltr'>(c</span> <span class='ocrx_word' id='word_1_541' title='bbox 536 4323 606 4372; x_wconf 75' lang='lat' dir='ltr'>Unde</span> <span class='ocrx_word' id='word_1_542' title='bbox 624 4323 717 4386; x_wconf 71' lang='lat' dir='ltr'>vostr.)</span> <span class='ocrx_word' id='word_1_543' title='bbox 735 4338 818 4373; x_wconf 69' lang='lat' dir='ltr'>urive</span> <span class='ocrx_word' id='word_1_544' title='bbox 834 4323 910 4373; x_wconf 77' lang='lat' dir='ltr'>valde</span> <span class='ocrx_word' id='word_1_545' title='bbox 928 4323 956 4385; x_wconf 83' lang='lat' dir='ltr'>(c</span> <span class='ocrx_word' id='word_1_546' title='bbox 976 4323 1030 4386; x_wconf 88' lang='lat' dir='ltr'>om)</span> <span class='ocrx_word' id='word_1_547' title='bbox 1055 4354 1065 4363; x_wconf 94' lang='lat'><em>-</em></span> <span class='ocrx_word' id='word_1_548' title='bbox 1085 4339 1146 4387; x_wconf 79' lang='lat' dir='ltr'>pop.</span> <span class='ocrx_word' id='word_1_549' title='bbox 1165 4325 1208 4372; x_wconf 83' lang='lat' dir='ltr'>dei</span> <span class='ocrx_word' id='word_1_550' title='bbox 1225 4321 1254 4384; x_wconf 89' lang='grc' dir='ltr'>(Β</span> <span class='ocrx_word' id='word_1_551' title='bbox 1272 4340 1320 4388; x_wconf 87' lang='lat' dir='ltr'>pro</span> <span class='ocrx_word' id='word_1_552' title='bbox 1339 4326 1401 4375; x_wconf 78' lang='lat' dir='ltr'>Ideo</span> 
     </span>
     <span class='ocr_line' id='line_1_43' title="bbox 196 4410 1402 4475; baseline -0.002 -15"><span class='ocrx_word' id='word_1_553' title='bbox 196 4411 288 4461; x_wconf 69' lang='lat' dir='ltr'>caelu.</span> <span class='ocrx_word' id='word_1_554' title='bbox 301 4426 385 4475; x_wconf 87' lang='lat' dir='ltr'>usqne</span> <span class='ocrx_word' id='word_1_555' title='bbox 404 4411 446 4459; x_wconf 82' lang='lat' dir='ltr'>dei</span> <span class='ocrx_word' id='word_1_556' title='bbox 464 4411 583 4460; x_wconf 81' lang='lat' dir='ltr'>breviter</span> <span class='ocrx_word' id='word_1_557' title='bbox 595 4412 648 4460; x_wconf 78' lang='lat' dir='ltr'>vic:</span> <span class='ocrx_word' id='word_1_558' title='bbox 667 4410 730 4460; x_wconf 85' lang='lat' dir='ltr'>Ideo</span> <span class='ocrx_word' id='word_1_559' title='bbox 749 4414 775 4459; x_wconf 80' lang='lat' dir='ltr'>le</span> <span class='ocrx_word' id='word_1_560' title='bbox 792 4412 819 4459; x_wconf 85' lang='lat' dir='ltr'>ia</span> <span class='ocrx_word' id='word_1_561' title='bbox 837 4427 965 4460; x_wconf 76' lang='lat' dir='ltr'>carcerem</span> <span class='ocrx_word' id='word_1_562' title='bbox 983 4411 1101 4469; x_wconf 68' lang='lat' dir='ltr'>misimur,</span> <span class='ocrx_word' id='word_1_563' title='bbox 1120 4414 1145 4459; x_wconf 84' lang='lat' dir='ltr'>el</span> <span class='ocrx_word' id='word_1_564' title='bbox 1157 4413 1248 4474; x_wconf 79' lang='lat' dir='ltr'>aperto</span> <span class='ocrx_word' id='word_1_565' title='bbox 1260 4427 1365 4460; x_wconf 73' lang='lat' dir='ltr'>earam</span> <span class='ocrx_word' id='word_1_566' title='bbox 1377 4413 1402 4458; x_wconf 83' lang='lat' dir='ltr'>le</span> 
     </span>
    </p>
   </div>
   <div class='ocr_carea' id='block_1_6' title="bbox 0 0 1505 4912">
    <p class='ocr_par' dir='ltr' id='par_1_6' title="bbox 0 0 1505 4912">
     <span class='ocr_line' id='line_1_44' title="bbox 0 0 1505 4912; baseline 0 0"><span class='ocrx_word' id='word_1_567' title='bbox 0 0 1505 4912; x_wconf 95' lang='lat' dir='ltr'> </span> 
     </span>
    </p>
   </div>
  </div>
 </body>
</html>
