3000 4912
419 289 587 341 HISTORIA
605 289 757 341 Iussum.
783 287 858 343 OAP.
878 293 957 344 XXV.
975 293 1070 344 xxvl.
1282 292 1344 356 135

152 439 269 525 (Haec)
294 439 355 505 ubi
380 440 590 506 audiverunt
613 440 716 505 liberi
739 441 815 507 eius
837 464 890 509 me
913 443 1115 527 loquentem
1136 465 1213 509 oum
1233 450 1343 511 matre

152 565 223 609 mea
236 545 370 628 virgine
387 564 485 627 pura,
509 550 746 627 cognoverunt
762 565 839 609 eum
855 546 923 610 iam
940 547 1147 629 exspirasse,
1169 546 1345 612 admixtis-

152 667 214 732 que
230 646 384 713 lacrimis
402 647 589 712 eiularunt.
619 646 703 711 Dixi
721 653 835 712 autem
855 648 942 713 illis:
969 648 1099 732 Utique
1121 670 1214 714 mors
1234 652 1343 733 patris

151 752 426 817 restrimorsnon
439 757 492 816 est
503 750 643 816 sedvita
653 753 879 835 sempiterna:
892 753 1021 817 etenim
1031 752 1201 819 liberatus
1213 775 1345 819 aerum·

151 854 202 919 nis
223 854 328 919 huius
349 853 481 920 saeculi
507 853 550 918 ad
572 854 729 936 requiem
752 855 895 920 transiit
918 860 1139 938 perpetuam,
1164 862 1345 922 aeternum

152 957 359 1023 duraturam.
391 957 500 1022 Hisce
518 956 649 1021 auditis
666 956 848 1022 sciderunt
862 964 977 1023 vestes
995 979 1076 1024 suas
1092 957 1227 1025 flentes.

615 1195 736 1263 Cannu
758 1196 878 1266 XXV.

232 1353 281 1419 Et
302 1353 443 1437 quidem
463 1353 600 1418 incolae
617 1353 738 1438 (urbis)
754 1351 931 1419 Nazareth
953 1332 988 1419 et
1008 1355 1140 1440 (totius)
1164 1352 1345 1421 Galilaeae

152 1459 288 1543 cognito
314 1458 470 1541 ipsorum
492 1457 634 1541 planctu
661 1457 705 1522 ad
731 1478 790 1522 eos
812 1458 1026 1540 confluxere,
1053 1465 1088 1524 et
1107 1457 1278 1524 fleverunt
1301 1459 1345 1524 ab

150 1563 234 1629 hora
256 1562 363 1628 tertia
387 1581 498 1643 usque
524 1560 568 1625 ad
593 1581 729 1625 nonam.
774 1559 875 1625 Hora
898 1568 1014 1627 autem
1039 1583 1133 1627 nona
1158 1582 1277 1627 omnes
1303 1561 1346 1627 ad

152 1665 349 1732 cubiculum
366 1665 441 1730 eius
458 1663 626 1748 (Iosephi)
643 1662 955 1729 simul'abiverunt.
990 1664 1109 1748 Atque
1128 1665 1348 1730 sustulerunt

152 1790 276 1853 corpus
293 1770 380 1850 eius,
397 1772 582 1851 postquam
599 1765 687 1831 illud
704 1768 894 1850 unguentis
909 1769 1118 1834 sublimibus
1135 1769 1346 1835 imbuerunt.

150 1873 223 1958 Ego
244 1894 325 1938 vero
348 1871 517 1954 precabar
540 1876 674 1953 patrem
695 1891 808 1935 meum
835 1873 993 1938 oratione
1017 1873 1235 1938 caelestium:
1261 1873 1348 1939 haec

151 1975 271 2043 eadem
295 1976 357 2040 illa
381 1978 458 2058 (est)
484 1996 587 2058 quam
611 1996 715 2039 manu
737 1996 813 2040 mea
834 1977 933 2059 prius
960 1977 1095 2042 exaravi
1119 1998 1221 2060 quam
1246 1984 1346 2044 utero

150 2085 310 2165 portarer
328 2079 463 2144 Mariae
485 2078 629 2162 virginis
650 2079 771 2143 matris
793 2100 901 2144 meae.
941 2077 1053 2145 Simul
1074 2085 1191 2145 autem
1211 2102 1252 2148 ac
1273 2103 1347 2147 eam

151 2184 281 2252 absolvi
307 2189 343 2248 et
365 2182 543 2248 enuntiavi
565 2202 682 2262 amen,
712 2182 837 2264 ingens
859 2183 1064 2266 angelorum
1083 2183 1272 2249 multitudo
1295 2206 1349 2250 ac·

152 2289 270 2368 cessit3
288 2286 495 2369 duobusque
515 2307 556 2351 ex
571 2285 644 2350 illis
660 2285 820 2352 mandari
842 2292 882 2351 ut
897 2293 1027 2353 vestem
1044 2287 1282 2371 expanderent
1298 2289 1348 2354 lu·

152 2391 262 2456 eidam
279 2411 389 2474 eaque
407 2411 533 2473 corpus
550 2390 644 2453 senis
661 2388 840 2454 benedicti
856 2388 1000 2472 Iosephi
1018 2389 1250 2455 obvolverent.

928 2552 942 2586 0

604 2625 725 2694 Orsus
749 2627 890 2696 XXVI.

231 2785 281 2850 Et
304 2784 429 2849 affatus
451 2782 640 2867 Iosephum
666 2783 752 2847 dixi:
781 2782 863 2850 Non
886 2784 1125 2850 dominabitur
1147 2785 1184 2849 in
1204 2791 1239 2850 te
1261 2784 1349 2852 odor
1455 2830 1458 2837 -

149 2890 270 2956 mortis
289 2888 343 2952 vel
364 2887 492 2968 foetor,
514 2908 629 2970 neque
649 2887 807 2970 prodibit
827 2890 951 2953 vermis
973 2888 1015 2954 do
1037 2903 1183 2972 corpore
1203 2895 1264 2954 tuo
1285 2912 1348 2954 un·

121 3055 124 3058 ,
150 3015 261 3077 quam.
284 2990 364 3057 Non
376 2991 559 3074 frangetur
569 2989 610 3055 de
629 3010 669 3056 eo
680 2990 870 3056 membrum
880 2992 935 3056 vel
951 2992 1103 3075 unicum,
1120 3013 1235 3076 neque
1252 2992 1346 3059 ullus

149 3096 340 3163 mutabitur
355 3095 517 3177 incapite
533 3100 594 3160 tuo
611 3095 718 3178 pilus:
736 3115 850 3178 neque
866 3096 997 3179 peribit
1012 3097 1200 3179 quicquam
1216 3095 1259 3161 de
1274 3117 1346 3163 cor·

149 3221 230 3284 pore
247 3206 319 3280 tuo,
341 3219 360 3263 o
378 3198 424 3262 mi
440 3204 540 3280 pater
555 3197 717 3282 Iosephe‚
739 3197 801 3263 sed
817 3198 972 3264 manebit
991 3199 1167 3283 integrum
1183 3205 1220 3264 et
1234 3199 1347 3265 incor-

149 3310 288 3388 ruptum
304 3323 416 3385 usque
433 3301 476 3366 ad
493 3302 686 3367 convivium
702 3301 797 3367 mille
815 3323 993 3367 annorum.
1017 3302 1066 3367 Et
1081 3301 1242 3386 quisquis
1258 3323 1346 3368 mor-

149 3407 270 3474 talium
287 3427 403 3470 curam
422 3404 585 3470 habuerit
604 3405 793 3471 oblationis
811 3405 866 3469 die
883 3404 1139 3470 recordationis
1155 3411 1255 3487 tuae,
1275 3406 1344 3489 ipsi

149 3531 210 3595 ego
232 3508 440 3574 benedicam
462 3514 497 3572 et
516 3508 706 3574 retribuam
728 3509 764 3573 in
786 3508 1057 3591 congregatione
1080 3509 1262 3591 virginum.
1296 3508 1346 3574 Et

150 3613 358 3697 quicumque
377 3611 492 3676 cibum
503 3611 641 3677 dederit
655 3613 793 3677 miseris
809 3609 1023 3695 pauperibus
1039 3610 1153 3676 viduis
1171 3617 1206 3675 et
1222 3611 1344 3696 orpha·

149 3717 200 3782 nis
222 3716 267 3783 de
288 3714 407 3780 labore
430 3736 592 3780 manuum
615 3737 770 3798 suarum,
799 3716 855 3780 die
877 3737 945 3799 quo
973 3720 1034 3779 tua
1056 3713 1254 3779 celebratur
1275 3736 1344 3781 me·

147 3821 266 3900 moria,
286 3823 334 3903 (et
350 3817 502 3903 quidem)
519 3820 555 3883 in
572 3819 711 3883 nomine
728 3825 800 3900 tuo,
822 3840 892 3883 non
908 3819 993 3904 (ille)
1011 3817 1224 3884 destituetur
1238 3817 1342 3884 bonis

148 3923 307 3989 omnibus
327 3923 418 3987 vitae
441 3943 524 3987 suae
546 3920 681 3988 diebus.
723 3919 892 4004 Quisquis
916 3923 1019 3986 etiam
1041 3920 1207 4004 scyphum
1229 3943 1341 4006 aquae

147 4028 199 4095 vel
214 4028 288 4093 vini
308 4024 500 4092 bibendum
519 4024 723 4108 praebuerit
737 4024 862 4089 viduae
884 4030 945 4090 aut
966 4023 1121 4108 orphano
1144 4024 1180 4088 in
1202 4027 1342 4091 nomine

147 4137 217 4214 tuo,
236 4130 326 4196 dabo
343 4131 409 4195 tibi
425 4129 524 4194 illum
540 4135 579 4193 ut
594 4129 804 4213 ingrediaris
817 4149 894 4194 cum
909 4128 971 4195 illo
989 4130 1033 4196 ad
1045 4129 1236 4195 convivium
1246 4131 1342 4197 mille

148 4256 326 4301 annorum.
367 4232 560 4316 Omnisque
577 4232 678 4299 homo
696 4235 752 4297 oui
770 4253 873 4298 curae
891 4235 959 4299 erit
974 4233 1106 4299 oblatio
1124 4234 1181 4299 die
1198 4256 1343 4301 comme·

147 4339 351 4403 morationis
367 4344 459 4420 tuae,
476 4337 545 4420 ipsi
560 4335 765 4417 benedicam
783 4341 818 4401 ot
827 4336 1143 4403 remunerationem
1152 4338 1340 4420 praestabo

147 4443 182 4508 in
204 4441 354 4508 ecclesia
370 4443 557 4527 virginum3
578 4439 721 4506 reddam
736 4440 902 4526 (inquam)
924 4441 993 4526 ipsi
1014 4462 1077 4526 pro
1098 4460 1168 4505 uno
1183 4440 1339 4523 triginta,
