2962 4912
144 297 185 361 58
363 299 696 350 rannac-murnum
715 298 954 349 avuncunlum.
982 299 1055 349 CAP.
1074 298 1125 349 111.

143 448 355 514 verecundia
371 449 413 514 de
430 448 560 531 templo
577 448 635 512 dei
653 448 881 531 exprobratus
904 451 1006 514 exivi:
1030 448 1170 532 utquid
1190 455 1348 515 revertar

144 551 187 617 ad
205 574 290 634 eam,
308 551 415 616 semel
432 551 590 616 abiectus
607 555 712 633 atque
724 550 935 634 despectus?
956 552 1119 635 Hicergc
1132 572 1209 617 cum
1221 553 1345 617 ovibus

143 655 229 719 meis
247 675 316 735 erc,
335 652 500 737 quamdiu
517 653 620 718 huius
638 652 748 717 seculi
760 653 847 718 deus
859 655 943 718 mihi
960 654 1073 719 lucem
1084 654 1277 720 concedere
1290 676 1347 720 vo·

143 758 265 837 luerit;
276 776 468 840 permauus
479 762 593 820 autem
605 776 792 837 puerorum
800 758 1176 839 meorumpauperibus
1188 757 1346 822 etviduis

143 866 178 925 et
194 860 358 943 orphanis
376 866 411 924 et
421 858 619 923 colentibus
631 858 734 923 deum
747 865 863 940 partes
881 879 962 924 suas
980 860 1132 925 libenter
1144 861 1344 926 restituam.

143 964 219 1028 2ΕΙ
235 983 311 1026 cum
327 961 412 1027 haec
430 961 586 1042 dixisset,
604 962 788 1043 respondit
804 963 836 1026 ei
852 964 1002 1027 iuvenis:
1025 962 1186 1045 Angelus
1204 962 1261 1027 dei
1279 983 1345 1046 ego

142 1087 234 1146 sum,
257 1066 316 1147 qui
339 1046 485 1147 apparui
508 1063 612 1129 hodie
629 1065 728 1128 uxori
745 1070 825 1128 tuae
844 1064 942 1130 flenti
965 1072 1001 1130 et
1016 1067 1147 1145 oranti,
1170 1072 1205 1130 et
1222 1086 1347 1131 conso·

142 1170 234 1234 latus
256 1189 331 1232 sum
349 1188 438 1249 eam,
460 1188 562 1249 quam
584 1167 675 1231 scias
696 1187 737 1231 ex
758 1168 889 1232 semine
912 1174 973 1232 tuo
998 1168 1201 1249 concepisse
1224 1168 1345 1233 filiam.

141 1272 241 1336 Haec
258 1270 440 1353 intemplo
458 1269 515 1333 dei
535 1269 616 1349 erit,
640 1275 675 1333 et
691 1270 836 1352 spiritns
854 1277 996 1335 sanctus
1013 1271 1213 1353 requiescet
1233 1272 1269 1334 in
1288 1291 1346 1350 ea;

142 1382 178 1439 et
203 1374 271 1439 erit
291 1372 473 1438 beatitudo
500 1373 575 1436 eius
602 1392 708 1453 super
733 1393 852 1438 omnes
876 1380 1014 1438 sanctas
1040 1373 1203 1455 seminas,
1228 1375 1280 1438 ita
1306 1379 1347 1437 ut

141 1477 260 1541 nullus
276 1476 391 1559 possit
407 1474 523 1539 dicere
541 1474 624 1556 quia
640 1475 708 1537 suit
724 1475 805 1540 talis
823 1483 903 1540 ante
921 1497 1012 1555 eam,
1035 1476 1096 1540 sed
1119 1483 1251 1559 etpost
1267 1497 1347 1541 eam

142 1599 330 1661 numquam
346 1578 414 1642 erit
430 1579 462 1642 ei
480 1577 604 1641 similis
620 1583 766 1642 ventura
781 1579 817 1641 in
834 1579 900 1644 hoc
917 1579 1046 1643 seculo
1081 1579 1232 1663 Propter
1249 1578 1347 1662 quod

142 1681 315 1747 descende
333 1680 376 1745 de
394 1680 570 1744 montibus
592 1685 627 1744 et
648 1688 820 1745 revertere
843 1681 886 1745 ad
904 1683 1088 1765 coniugem
1103 1688 1213 1763 tuam,
1237 1689 1273 1746 et
1295 1682 1348 1746 in·

140 1786 259 1851 venies
276 1805 351 1850 eam
367 1782 554 1848 habentem
574 1784 609 1846 in
627 1789 745 1848 utero:
769 1785 932 1849 excitavit
953 1785 1044 1849 enim
1062 1785 1147 1849 deus
1166 1805 1286 1850 semen
1309 1785 1347 1848 in

141 1910 197 1970 ea,
220 1886 312 1952 unde
330 1886 460 1968 gratias
478 1884 610 1949 referas
628 1884 710 1967 deo,
735 1894 770 1952 et
786 1908 904 1952 semen
928 1888 1004 1951 eius
1022 1887 1089 1951 erit
1104 1886 1346 1968 benedictum,

142 2000 177 2057 et
193 1993 270 2074 ipsa
287 1991 354 2054 erit
371 1986 560 2053 benedicta
581 1993 616 2051 et
631 1993 741 2052 mater
756 1989 1016 2055 benedictionis
1034 1996 1196 2055 aeternae
1215 1992 1349 2056 consti·

140 2101 271 2159 tuetur.
302 2095 312 2126 ³
330 2091 377 2156 Et
392 2090 542 2155 adorans
560 2109 638 2152 eum
654 2089 810 2155 Ioachim
827 2092 915 2157 dixit
932 2094 979 2157 ei:
1005 2091 1043 2157 Si
1060 2094 1177 2157 inveni
1194 2095 1348 2177 gratiam

142 2306 199 2367 Epo
217 2319 277 2367 erpo
295 2302 323 2364 (Β
337 2300 399 2361 Sed)
417 2316 471 2348 cum
487 2317 567 2349 cereo.
585 2302 616 2349 de
634 2306 707 2365 serap.
724 2302 819 2349 densim
831 2300 860 2361 (Β
873 2302 926 2363 om)
945 2318 1016 2365 erpr.
1034 2303 1107 2350 erici.
1133 2302 1272 2367 Additque
1285 2317 1303 2353 A
1321 2309 1348 2353 el

141 2405 238 2453 seraper
253 2389 385 2450 despectus
402 2389 428 2434 et
444 2384 520 2433 valde
532 2385 644 2434 abiectus
655 2386 696 2432 lic
708 2402 762 2432 curn
775 2386 860 2434 oribus
871 2387 989 2450 sneissus'.
1009 2384 1013 2450 Ι
1033 2387 1108 2436 sernel
1120 2386 1148 2449 (Β
1161 2388 1216 2449 om)
1229 2389 1347 2438 abiectus

141 2476 170 2537 (Β
183 2472 305 2533 deiectus)
318 2475 393 2535 alque
407 2469 436 2532 (A
449 2474 475 2518 el
486 2470 572 2532 ualde)
584 2471 653 2533 desp.
673 2475 704 2520 ut
716 2484 803 2529 ABcn3
821 2484 837 2519 Β
851 2475 956 2521 tantum
970 2471 1045 2520 smnel
1057 2474 1150 2521 eiectus
1169 2470 1173 2536 Ι
1192 2473 1246 2522 Hic
1259 2490 1322 2538 erpo
1336 2499 1345 2511 ·

140 2561 258 2625 quamdiu
276 2558 305 2621 (A
324 2564 349 2608 el
361 2554 490 2621 quamdiu)
509 2581 517 2592 ·
536 2556 646 2605 voluerii
664 2555 692 2617 (Β
706 2557 757 2604 Sed
774 2573 817 2605 ero
836 2573 889 2605 cum
903 2583 911 2592 ·
923 2557 997 2605 buius
1012 2558 1099 2606 mundi
1111 2558 1141 2620 ·).
1173 2557 1308 2609 Similiter
1327 2573 1344 2608 Β

141 2643 196 2690 Iam
214 2643 279 2691 enim
295 2642 496 2706 liepermanebo
509 2657 612 2690 rumor.
626 2658 655 2689 m.
670 2643 789 2705 quorrulsu
797 2643 945 2705 permiserit
962 2659 999 2690 me
1023 2644 1186 2692 oieeredeus.
1218 2657 1254 2693 cl>
1275 2646 1343 2695 hsec

140 2729 230 2776 omnia
239 2743 281 2777 cm
296 2726 300 2791 Ι
312 2743 360 2790 per
372 2743 460 2776 monus
471 2731 554 2775 aulem
566 2733 597 2775 ut
607 2738 675 2786 cnm
689 2741 705 2774 A
713 2744 762 2790 per
771 2743 866 2785 mnus,
881 2740 896 2774 Β
910 2732 935 2776 el
943 2744 992 2791 per
1001 2744 1089 2776 manus
1103 2726 1106 2792 Ι
1120 2745 1244 2778 meorum:
1258 2744 1275 2780 Β
1288 2730 1343 2780 edd

140 2815 171 2863 de
184 2814 254 2863 bonis
264 2814 325 2861 mnis
345 2810 348 2876 Ι
368 2826 384 2860 A
399 2828 440 2861 om
453 2813 543 2867 viduis,
557 2813 623 2861 item
635 2825 652 2860 Β
669 2817 695 2861 et
706 2814 791 2876 orpla,
808 2825 826 2860 Β
840 2816 903 2876 pont
914 2814 1036 2876 orphanis
1049 2814 1102 2863 sdd
1114 2818 1139 2862 el
1147 2816 1308 2878 pereqrinis,
1327 2829 1343 2864 Β

140 2915 182 2948 cm
196 2899 315 2954 liberter,¹
328 2913 376 2961 pro
388 2898 521 2947 restituam
534 2911 569 2945 An
583 2898 692 2946 tribuam

209 2987 233 3033 2.
251 2985 359 3032 didisset
370 2989 401 3033 nt
414 2994 502 3039 Anum
514 2996 532 3031 Β
543 2980 655 3047 diceret!
671 2985 710 3032 ei:
729 2996 764 3032 cn
777 2982 823 3030 s'lle
836 2980 840 3047 Ι
854 2984 941 3031 bodre-
954 2995 990 3032 cn
1003 2999 1045 3032 om
1060 2980 1063 3048 Ι
1077 2987 1153 3034 uxori
1165 2990 1239 3034 tuae:
1258 2999 1275 3035 Β
1289 2987 1343 3036 edd

141 3073 240 3127 Annae,
253 3069 301 3118 ned
314 3085 355 3118 om
361 3069 440 3133 flenti
451 3071 477 3116 el
487 3070 575 3117 oranti
586 3073 612 3116 el
623 3066 627 3132 Ι
644 3084 717 3132 quam
729 3069 797 3117 scias
813 3095 821 3104 -
830 3069 918 3134 filiam
930 3073 962 3118 ut
975 3082 1062 3129 ΑΒΒΒ;
1081 3071 1173 3120 eedem
1184 3084 1200 3119 c
1213 3072 1274 3133 (sed
1284 3088 1342 3121 eon·

140 3155 235 3219 ripere)
254 3155 395 3218 postponit
413 3155 502 3202 verbis
521 3155 581 3217 quia
599 3158 626 3202 lu
643 3155 718 3203 nimis
735 3169 789 3200 eam
808 3153 937 3216 reliquisti
955 3155 1061 3203 tristem.
1085 3156 1152 3204 Post
1163 3156 1253 3220 filiam
1271 3158 1342 3207 nihil

140 3241 292 3291 addidimus
309 3255 368 3289 cnm
382 3253 413 3298 Β;
430 3253 467 3289 ΒΒ
480 3239 533 3289 edd
545 3241 612 3303 qued
624 3238 652 3300 (Β
665 3240 701 3301 sl)
718 3244 746 3288 ts
757 3240 870 3288 nesciens
887 3239 1016 3302 reliquisti
1027 3256 1094 3298 eom,
1113 3241 1179 3290 item
1192 3256 1209 3290 A
1223 3258 1299 3306 quam
1316 3248 1343 3292 ru

140 3343 205 3375 nese.
218 3325 292 3389 reliq.
306 3325 341 3381 εἰς
354 3336 370 3373 o
383 3323 444 3373 vide
457 3329 521 3374 ente
536 3323 539 3388 Ι
554 3325 656 3374 ullane
668 3327 718 3373 erit
731 3325 848 3388 templum
860 3325 902 3372 dei
916 3323 919 3388 Ι
934 3337 950 3371 Β
964 3340 1006 3373 om
1019 3329 1044 3373 et
1055 3327 1163 3387 spiritus
1175 3342 1259 3389 usque
1272 3329 1300 3376 in
1312 3344 1342 3376 en

142 3411 145 3475 Ι
161 3416 214 3460 ret
225 3412 275 3459 eril
288 3411 363 3460 beata
373 3427 450 3474 super
462 3416 506 3459 etc
527 3408 530 3473 Ι
549 3425 627 3475 super
642 3427 737 3459 omnes:
756 3423 774 3458 Β
787 3412 909 3458 emmonis
919 3411 987 3458 inter
1005 3406 1009 3471 Ι
1029 3411 1068 3458 ita
1080 3415 1129 3459 ul·
1143 3413 1269 3476 quiasuit
1280 3413 1343 3462 talis

140 3502 199 3546 onie
216 3513 271 3546 sans
289 3496 316 3557 (ο
335 3496 423 3557 antea)
447 3522 456 3532 ·
476 3500 537 3559 poet
553 3512 608 3544 eam
629 3496 656 3557 (c
670 3495 772 3559 postea)
792 3495 1047 3545 ·serulocumc1>:
1074 3508 1090 3542 Β
1114 3498 1152 3545 ila
1176 3498 1243 3560 qued
1267 3498 1342 3547 nullu

136 3585 235 3648 polerit
246 3584 332 3631 dicere
343 3599 369 3631 se
381 3581 487 3630 similem
499 3581 542 3629 illi
553 3597 621 3635 esse,·
638 3593 655 3628 A
668 3581 707 3630 ita
718 3584 748 3629 nt
763 3606 771 3616 ·
789 3581 902 3644 eliquasse
914 3585 973 3629 ante
985 3598 1039 3629 earn
1051 3582 1157 3630 similem
1169 3583 1193 3630 ei
1196 3583 1285 3647 juisse
1297 3600 1342 3632 nec

137 3674 198 3734 post
209 3685 263 3718 eum
270 3670 393 3732 suturam
406 3667 431 3714 in
444 3668 489 3714 loc
501 3683 565 3723 sec,
585 3679 600 3713 Β
617 3667 656 3715 ila
674 3671 702 3714 ut
713 3666 787 3714 rrsulli
799 3667 888 3714 disard
900 3667 960 3729 quia
972 3666 1046 3713 nulle
1054 3668 1113 3731 suit
1125 3667 1188 3716 talis
1200 3667 1342 3732 aliquando

140 3760 199 3803 ante
211 3769 279 3811 eam,
296 3758 322 3802 et
333 3756 425 3816 postea
437 3768 486 3800 non
498 3753 549 3800 erit
560 3751 651 3801 similis
663 3752 687 3800 ei
704 3747 708 3816 Ι
729 3753 842 3815 Propter
854 3752 919 3815 qued
936 3750 987 3811 (ita
1000 3764 1050 3811 cn;
1068 3765 1086 3800 A
1098 3754 1255 3816 Propterea,
1274 3767 1291 3803 Β
1306 3755 1344 3805 m

136 3838 289 3903 prepterea)
299 3839 433 3888 descende.-
446 3851 462 3887 Β
471 3838 537 3886 dese.
551 3853 611 3901 erqo
625 3835 629 3903 Ι
644 3848 680 3885 cn
689 3837 721 3885 de
730 3841 812 3886 monle
826 3835 829 3901 Ι
844 3850 860 3885 Β
873 3852 915 3885 om
924 3837 991 3885 dese.
1004 3837 1036 3885 de
1048 3842 1122 3887 mont.
1135 3843 1161 3887 el
1171 3832 1175 3900 Ι
1193 3843 1218 3887 el
1231 3841 1344 3891 inuenies

140 3941 210 3973 earn.-
227 3936 245 3971 A
264 3940 338 3987 quam
354 3925 403 3972 ine.
417 3921 421 3984 Ι
436 3924 464 3970 in
474 3927 563 3972 utero.-
580 3937 599 3972 Β
612 3922 665 3972 ndd
677 3922 709 3970 de
721 3922 815 3986 spiritu
827 3927 915 3971 saneto
930 3920 933 3986 Ι
947 3923 1070 3971 excitarit
1086 3948 1095 3959 ·
1114 3923 1249 3987 deque(1›
1265 3927 1344 3990 unde)

141 4035 149 4046 -
164 4009 331 4059 consideretur
348 4024 407 4057 cum
426 4021 442 4055 A
462 4014 491 4057 et
509 4007 569 4068 (sed
587 4022 630 4057 om
647 4009 721 4056 eseil.
740 4033 749 4043 ·
766 4009 793 4055 in
809 4008 897 4069 sa)1>;
916 4019 933 4055 Β
951 4006 1021 4069 (cum
1041 4011 1205 4073 prsegrensin
1224 4012 1250 4058 in
1268 4015 1344 4062 utero

141 4094 321 4159 coniungens)
338 4094 493 4142 benedictum
510 4109 604 4150 semen,
621 4098 646 4142 el
662 4094 720 4157 ipsc
738 4094 904 4143 constituetur
921 4097 1003 4142 mater
1021 4098 1116 4142 aetem.
1130 4094 1265 4152 lenediel.,·
1286 4109 1302 4146 c
1320 4103 1347 4147 el

140 4181 264 4245 referatis
276 4179 346 4229 ambo
356 4179 460 4242 pretias
469 4180 632 4242 omnipotenti
640 4180 696 4236 dee,
709 4183 850 4242 praeterea
862 4180 914 4228 iam
923 4185 1006 4228 entes
1015 4184 1078 4241 pont
1087 4179 1171 4229 seculo
1184 4181 1346 4233 addidersts

141 4271 165 4315 el
181 4282 262 4315 semen
279 4266 333 4313 eius
351 4280 435 4328 nsque
447 4266 621 4313 constituetur.
646 4278 738 4314 Rvero
751 4264 872 4313 excitabit
884 4265 948 4312 enim
961 4264 1022 4313 deus
1034 4281 1115 4314 semen
1132 4267 1159 4314 in
1176 4283 1207 4315 ea
1225 4269 1348 4332 etsociel

140 4368 195 4401 sam
206 4355 312 4400 matrem
323 4350 504 4398 benedictionis
515 4353 641 4399 celenas.

210 4441 234 4486 3.
255 4437 292 4486 Et
303 4437 417 4485 αάονιιιιι
427 4460 437 4471 ·
448 4451 514 4484 sere.
527 4439 596 4484 mum
607 4450 666 4485 cum
679 4447 746 4493 οΒΒς
766 4448 783 4484 A
799 4435 867 4485 stne
879 4435 992 4485 adorans
1003 4435 1120 4500 anpelum
1132 4441 1176 4487 etc
1183 4471 1191 4495 ‚
1215 4437 1289 4489 idem
1303 4455 1348 4491 om
