3000 4912
301 319 534 372 EVANGELIUM
551 322 744 373 luminam:
762 319 955 375 tesmenti.
978 323 1072 375 XXIX.
1225 323 1286 385 195

543 573 663 641 Garun
685 573 832 639 XXIX.

171 743 285 809 Erant
309 745 345 808 in
372 744 492 809 eadem
517 745 603 811 urbe
629 745 718 811 duae
744 745 910 827 feminae,
936 745 1040 809 unius
1061 746 1125 811 viri
1151 768 1287 830 uxores,

87 868 234 931 quarum
255 846 397 930 utrique
419 847 607 913 eratfilius
629 848 847 915 febricitans.
887 848 1022 913 Harum
1043 848 1156 915 altera
1175 849 1291 917 Maria

86 950 289 1031 vocabatur,
317 955 352 1014 et
368 949 440 1015 filio
458 951 533 1015 eius
551 948 704 1035 Cleopae
722 958 798 1018 erat
814 972 950 1017 nomen.
982 950 1142 1018 Surrexit
1164 952 1233 1017 ista
1255 959 1291 1019 et

87 1059 241 1119 assumto
258 1054 331 1120 filio
349 1074 412 1119 suo
430 1053 604 1121 dominam
625 1054 745 1121 heram
760 1054 909 1121 Mariam
925 1060 1069 1120 matrem
1085 1055 1169 1120 Iesu
1190 1055 1288 1138 adiit,

88 1155 276 1240 oblatoque
300 1159 332 1222 ei
352 1158 500 1241 pulchro
521 1159 673 1240 mantili,
697 1157 727 1225 Ο
752 1159 892 1225 domina
912 1181 989 1225 mea
1007 1159 1136 1242 Maria,
1161 1161 1288 1244 inquit,

89 1262 208 1343 accipe
232 1281 252 1324 a
273 1281 326 1325 me
344 1260 409 1326 hoc
425 1261 569 1327 mantile
592 1268 626 1327 et
646 1284 709 1346 pro
732 1262 794 1329 illo
812 1263 856 1328 da
871 1263 957 1341 mihi
976 1284 1080 1328 unam
1096 1262 1288 1330 fasciolam.

86 1363 188 1429 Fecit
204 1362 268 1427 boc
284 1361 409 1444 Maria,
432 1363 589 1447 abiitque
606 1370 718 1430 mater
734 1363 887 1448 Oleopae
905 1373 940 1432 et
957 1366 1151 1432 confectam
1168 1386 1209 1430 ex
1225 1365 1289 1430 illa

88 1464 295 1532 subuculam
314 1465 387 1531 filio
409 1488 471 1532 suo
493 1467 620 1532 induit.
657 1466 716 1534 Sic
739 1474 882 1534 sanatus
905 1474 958 1533 est
978 1469 1119 1534 morbus
1142 1469 1232 1549 eius;
1253 1474 1290 1533 at

87 1568 180 1635 filius
201 1568 320 1633 rivalis
340 1569 431 1634 diem
449 1569 546 1635 obiit.
578 1569 673 1635 Hinc
697 1577 774 1637 orta
795 1573 888 1636 inter
908 1570 988 1636 illas
1009 1572 1196 1636 inimicitia
1212 1590 1288 1634 cum

87 1671 233 1738 alternis
250 1671 527 1737 bebdomadibus
541 1674 660 1738 munia
671 1673 863 1739 domestica
879 1673 1027 1754 obirent,
1044 1674 1287 1755 instarentquc

88 1774 263 1858 quondam
285 1774 378 1839 vices
398 1774 532 1840 Mariae
556 1778 676 1842 matris
701 1774 869 1860 Cleopae,
893 1774 980 1841 haec
1000 1797 1125 1859 panem
1146 1782 1290 1840 coctura

87 1876 228 1942 furnum
240 1876 413 1959 calefecit,
431 1884 623 1944 etmassam
635 1879 813 1945 subactam
830 1878 981 1944 allatura
996 1878 1068 1945 filio
1080 1898 1143 1943 suo
1155 1875 1289 1960 Cleopa

88 1979 132 2045 ad
147 1979 290 2045 furnum
305 1980 429 2046 relicto
446 1980 543 2046 abiit.
576 1980 682 2046 Hunc
704 1981 842 2047 aemula
864 1982 939 2047 eius
957 1980 1069 2046 solum
1086 1981 1289 2065 conspicata

87 2119 128 2131 —
144 2082 270 2148 furnus
291 2089 407 2148 autem
429 2105 597 2150 succenso
618 2087 699 2169 igne
722 2085 967 2150 aestuabat-
987 2083 1177 2168 prehendit
1197 2089 1232 2149 et
1251 2084 1288 2148 in

87 2185 229 2251 furnum
239 2186 401 2268 coniecit,
418 2207 459 2252 ac
475 2208 552 2253 sese
569 2187 650 2253 inde
663 2188 838 2253 subduxit.
862 2187 1019 2253 Rediens
1029 2186 1145 2251 Maria
1153 2187 1289 2253 videns-

90 2310 156 2373 que
173 2289 284 2354 filium
301 2302 400 2354 suum
413 2288 579 2373 Cleopam
595 2291 632 2354 in
649 2290 763 2356 medio
774 2290 878 2355 furno
897 2291 1070 2355 iacentem
1087 2289 1201 2354 ridere
1219 2290 1288 2353 fur·

88 2412 240 2477 numque
258 2392 447 2474 refrixisse,
469 2413 509 2458 ac
526 2394 555 2458 si
572 2393 661 2457 nihil
678 2395 714 2458 in
732 2415 811 2459 eum
826 2394 919 2477 ignis
937 2393 1132 2458 coniectum
1149 2391 1286 2474 fuisset,

87 2496 250 2578 cognovit
265 2496 436 2560 aemulam
447 2516 544 2561 suam
560 2495 659 2560 illum
675 2497 712 2560 in
728 2497 844 2580 ignem
860 2496 1058 2561 immisisse.
1081 2494 1286 2559 Extractum

86 2619 167 2683 ergo
186 2619 264 2663 eum
280 2598 324 2662 ad
341 2598 460 2664 heram
476 2598 650 2664 dominam
660 2597 808 2664 Mariam
823 2598 951 2664 detulit
967 2597 1151 2681 eidemque
1169 2618 1286 2663 casum

87 2702 163 2766 eius
180 2702 343 2766 narravit.
375 2700 441 2767 Oui
457 2701 529 2783 illa,
553 2700 656 2782 Tace,
679 2703 805 2786 inquit,
822 2722 907 2767 neve
926 2703 1088 2785 cuiquam
1104 2699 1195 2767 hanc
1211 2722 1306 2767 rem.

84 2825 203 2884 narra,
230 2827 308 2869 nam
328 2811 445 2870 metuo
470 2805 536 2870 tibi
558 2806 587 2870 si
610 2826 685 2870 eam
707 2805 948 2889 divulgaverit.
995 2804 1127 2871 Postea
1148 2805 1285 2870 aemula
1337 2833 1338 2836 ¹

86 2907 161 2972 eius
177 2928 303 2990 aquam
320 2907 489 2972 haustura
504 2907 549 2972 ad
564 2913 709 2991 puteum
725 2909 907 2992 prooessit,
926 2914 962 2973 et
972 2909 1175 2991 conspicata
1185 2904 1285 2972 Cleo·

84 3030 163 3094 pam
187 3010 286 3075 iuxta
305 3015 449 3093 puteum
471 3010 649 3075 ludentem
673 3031 787 3094 neque
811 3031 1019 3094 quemquam
1044 3009 1184 3092 adesse,
1210 3031 1286 3094 pre·

86 3111 233 3178 honsum
249 3113 349 3177 illum
366 3113 402 3178 in
418 3120 562 3197 puteum
580 3114 787 3196 deturbavit,
807 3117 886 3198 ipsa
900 3120 1016 3180 autem
1034 3114 1171 3179 domum
1187 3112 1284 3178 abiit.

87 3213 175 3281 Oum
191 3215 350 3282 homines
367 3238 492 3300 aquam
510 3238 550 3282 ex
566 3224 672 3301 puteo
689 3217 837 3301 petituri
853 3218 1101 3298 accessissent,
1122 3215 1287 3281 viderunt

85 3339 231 3401 puerum
247 3317 347 3383 illum
363 3319 399 3383 in
416 3318 600 3401 superficie
618 3339 729 3401 aquae
747 3318 940 3384 sedentem:
960 3319 1080 3403 itaque
1097 3317 1285 3382 descende-

85 3428 168 3486 runt
184 3441 333 3504 eumque
351 3427 584 3486 extraxerunt.
628 3418 732 3505 Cepit
748 3428 863 3488 autem
884 3443 943 3489 eos
959 3443 1085 3506 magna
1099 3420 1284 3487 admiratio

85 3524 187 3588 istius
209 3526 324 3607 pueri,
347 3530 382 3589 et
404 3524 505 3589 deum
528 3522 727 3590 laudarunt.
759 3524 848 3590 Tum
862 3526 959 3591 venit
977 3530 1088 3590 mater
1108 3525 1183 3589 eiua
1206 3523 1285 3588 sub-

85 3627 263 3710 latumque
289 3626 388 3691 illum
409 3626 496 3693 flens
522 3627 565 3693 ad
587 3628 761 3693 dominam
785 3627 904 3693 heram
925 3627 1075 3693 Mariam
1097 3626 1226 3692 detulit
1250 3633 1286 3692 et

87 3728 187 3795 dixit:
214 3727 244 3796 Ο
263 3729 403 3794 domina
422 3751 507 3812 mea,
524 3730 602 3796 vide
620 3730 704 3815 quid
722 3730 858 3795 aemula
873 3752 950 3797 mea
965 3729 1038 3795 filio
1054 3751 1130 3796 meo
1148 3729 1283 3811 fecerit,

86 3872 297 3881 *-

151 3956 246 4007 XXIX.
266 3957 374 4020 Cleopae
385 3973 433 4021 per
445 3963 532 4008 totum
546 3962 641 4023 caput:
655 3960 694 4009 its
707 3959 761 4019 Fl.;
776 3957 831 4008 sik.
845 3963 873 4007 at
884 3957 955 4007 Thil.
968 3957 1086 4024 Kah'np‘o.

151 4058 260 4092 maccam
271 4043 400 4092 subactam
417 4068 449 4080 ·-
466 4043 543 4093 abiit.-
562 4044 601 4094 ita
613 4044 652 4093 ul.
677 4043 754 4109 Apud
768 4042 824 4093 Sili.
842 4049 870 4094 et
883 4043 953 4094 Tbil.
972 4050 1015 4094 est
1023 4044 1145 4109 sarisam
1156 4045 1282 4108 petitura,

79 4125 139 4190 filio
150 4144 196 4177 cuo
208 4127 318 4194 Kaljuso
330 4129 480 4195 adferam
490 4129 590 4188 relicto,
595 4131 677 4194 foras
684 4129 809 4192 prodibat

152 4229 212 4262 neoc
224 4214 339 4277 cuiquam
351 4241 360 4251 ·
374 4231 490 4264 marra:
503 4215 569 4265 haec
581 4214 652 4279 apud
669 4212 725 4263 Silr.
738 4220 767 4265 et
780 4215 850 4264 Tbil.
863 4215 961 4266 omissa
974 4219 1060 4266 erant.

153 4299 211 4360 ipsa
223 4324 232 4335 ·
246 4324 255 4334 ·
268 4300 346 4348 abiit:
359 4300 424 4351 haee
438 4300 536 4350 omissa
548 4303 626 4349 crant
638 4299 709 4365 apud
725 4297 780 4348 sik.
794 4303 823 4350 et
835 4299 906 4351 Thil.

151 4385 238 4448 itaqu
249 4385 432 4434 descenderant
444 4410 454 4422 ·
467 4412 476 4422 ·
489 4388 671 4435 eaetraaemst:
689 4384 728 4434 ita
741 4384 780 4434 1³1.
805 4384 932 4436 Verterat
945 4384 1000 4435 sik.
1015 4401 1085 4450 quem
1096 4387 1211 4438 demissis
1223 4385 1281 4454 [sc-

86 4468 169 4533 n'lu]
183 4469 351 4520 extrahebant

1013 4556 1068 4608 1³·
