2962 4912
569 327 842 390 taomoounrvn.
1270 357 1309 402 11

104 492 285 576 prehendit
312 493 369 576 qni
397 491 440 558 ad
468 499 623 574 parentes
650 491 728 557 Iesu
755 498 856 576 atque
883 493 987 576 ipsius
1014 501 1137 575 ortum,
1168 495 1309 559 alterum

107 605 166 687 qni
186 605 229 670 ad
246 603 421 670 infantiam
442 605 522 687 eins,
544 605 680 669 tertium
699 605 756 688 qui
774 604 817 670 ad
835 604 905 670 fata
922 605 994 671 eins
1012 604 1130 671 ultima
1147 611 1309 688 spectant.

194 716 249 781 Ac
265 720 401 802 primum
418 716 551 798 quidem
569 739 665 802 penus
680 721 825 798 quatuor
849 716 1004 782 editionis
1025 720 1161 783 nostrae
1184 718 1310 800 scripta

108 827 351 911 complectitur,
373 828 726 912 protevangelinm
748 827 906 908 Iacobi,
928 828 1309 894 Pseudo-Matthaei
1382 911 1392 919 ἡ

108 938 376 1022 evangelium,
399 940 651 1022 evangelium
674 939 719 1004 de
742 940 971 1005 nativitate
992 939 1161 1023 Mariae,
1183 940 1310 1006 histo·

107 1054 207 1116 riam
230 1050 397 1134 Iosephi
425 1050 534 1116 fabri
556 1051 735 1134 lignarii.
779 1051 822 1116 In
843 1052 895 1117 his
917 1052 1093 1117 maximam
1115 1073 1229 1117 euram
1250 1053 1310 1116 im·

107 1163 283 1246 pendimus
299 1162 627 1228 Pseudo-Iacobi
649 1163 769 1229 libello.
814 1163 954 1228 Praeter
977 1163 1107 1229 codices
1130 1164 1218 1228 enim
1233 1163 1310 1229 Thi-

106 1275 193 1341 lonis
207 1280 358 1359 quatuor,
372 1273 501 1339 Birchii
516 1273 608 1354 duos,
622 1274 703 1340 item
718 1273 954 1340 Fabricianum
971 1281 1004 1340 et
1018 1274 1159 1340 Postelli
1174 1280 1310 1358 textum,

106 1394 146 1452 ut
159 1385 521 1452 Pseudo-Eustathium
537 1385 684 1467 aliosque
701 1391 918 1468 praeteream,
940 1385 1151 1451 adhibuimus
1167 1394 1241 1452 octo
1257 1408 1310 1453 oo·

108 1499 199 1564 dices
222 1521 243 1564 a
258 1498 400 1563 Thilone
423 1497 570 1563 nondum
592 1497 769 1563 adhibitos.
806 1496 925 1580 Neque
940 1519 1017 1562 vero
1038 1498 1119 1562 satis
1134 1498 1240 1563 visum
1260 1503 1311 1564 est

108 1632 149 1675 ex
174 1611 227 1675 his
256 1608 424 1675 codicibus
451 1630 553 1674 unum
579 1630 659 1692 prae
688 1608 808 1674 ceteris
834 1614 1100 1692 repraesentare,
1128 1609 1186 1674 sed
1212 1611 1311 1692 primi

108 1743 246 1804 operam
269 1720 419 1787 dedimus
446 1726 485 1786 ut
512 1725 639 1785 textum
668 1721 948 1786 conformaremns
970 1720 1012 1785 ad
1035 1722 1233 1803 optimorum
1255 1741 1310 1786 co-

107 1832 218 1897 dicum
253 1853 461 1898 consensum.
518 1832 625 1897 Porro
662 1830 1050 1896 Pseudo-Matthaei
1093 1832 1309 1914 evangelium,

109 1945 204 2009 cuius
231 1944 397 2026 posterior
422 1964 501 2026 pars
528 1943 594 2008 huc
621 1964 725 2026 usque
752 1942 880 2008 inedita
908 1950 994 2026 erat,
1026 1942 1196 2009 eduobus
1223 1943 1310 2009 codi-

108 2054 204 2120 cibus
225 2055 349 2120 nostris
371 2053 541 2137 edidimus,
564 2053 723 2119 adhibitis
741 2055 877 2137 insuper
891 2053 1042 2119 Thilonis
1058 2054 1223 2120 subsidiis.
1252 2054 1310 2119 Ad

109 2166 363 2250 evangelium
386 2165 430 2230 de
453 2166 677 2231 nativitate
700 2164 856 2232 Mariae
885 2167 1085 2231 contulimus
1106 2165 1248 2230 alterum
1270 2164 1310 2229 de

110 2277 281 2344 codicibus
302 2278 425 2342 nostris
447 2277 609 2361 evangelii
631 2276 961 2357 Pseudo-Matthaei,
989 2298 1030 2342 ex
1053 2298 1119 2359 quo
1142 2276 1312 2342 Fabricia-

109 2410 187 2453 num
210 2392 340 2454 textum
362 2388 486 2471 passim
509 2388 683 2454 emendare
706 2387 840 2453 licebat.
883 2386 904 2452 I
910 2387 1050 2470 osephi
1076 2408 1154 2453 vero
1181 2387 1311 2453 histo·

109 2501 210 2565 riam
231 2500 373 2565 iuvimus
396 2498 543 2581 eoquod
567 2520 641 2563 cnm
663 2498 857 2582 fragmentis
880 2500 985 2582 coptis
1009 2505 1044 2564 et
1065 2498 1222 2564 sahidicis
1244 2499 1311 2564 iam

109 2611 259 2695 aZoega
281 2611 393 2677 allatis
416 2632 555 2695 eaquae
577 2632 683 2694 nuper
697 2609 879 2676 Dulanrier
900 2632 940 2675 ex
962 2610 1076 2676 eodem
1093 2610 1185 2674 fonte
1200 2610 1312 2675 hausit

110 2724 349 2788 coniunximus

196 2835 334 2898 Alterum
363 2856 460 2919 penus
491 2834 698 2899 constituunt
734 2833 936 2916 evangelii
968 2832 1311 2925 Thomae'textus

110 2966 281 3031 graecus
303 2945 350 3026 A,
381 2946 462 3009 item
489 2950 629 3010 textus
657 2966 825 3027 graecus
851 2944 896 3023 B;
928 2944 1182 3027 evangelium
1209 2942 1312 3009 'Pho-

110 3079 193 3122 mae
216 3056 402 3136 latinum;
424 3055 676 3139 evangelium
700 3056 901 3121 infantiae
924 3076 969 3120 ex
992 3055 1156 3120 arabico
1174 3055 1310 3120 latine.

111 3167 153 3232 In
175 3168 229 3233 his
251 3167 315 3233 duo
337 3166 463 3232 inedita
485 3166 734 3249 publicavimus,
757 3187 900 3248 quorum
923 3166 1079 3249 alterum,
1107 3164 1311 3250 evangelii

111 3278 284 3344 Thomae
307 3282 460 3342 textum
483 3299 683 3361 graecum,
715 3298 755 3342 ex
778 3276 890 3342 codice
912 3278 1153 3343 monachorum
1176 3276 1312 3343 Sinaiti-

112 3412 225 3456 cornm
247 3389 325 3454 dnm
347 3387 434 3471 apud
457 3409 514 3454 eos
536 3388 749 3455 versabamur
772 3387 1017 3472 descripsimus,
1039 3388 1212 3453 latinum
1234 3410 1311 3454 vero

111 3500 312 3584 evangelii
327 3499 502 3566 Thomae
518 3499 848 3568 textumVatieano
865 3499 1022 3565 debemus
1038 3499 1152 3565 codici.
1176 3500 1311 3566 Utrum-

111 3633 174 3695 que
197 3617 326 3677 textum
347 3612 561 3678 adnotatione
584 3613 702 3677 critica
724 3618 758 3676 et
781 3612 953 3695 synoptica
974 3612 1200 3676 instruximus.
1239 3611 1311 3677 Al·

111 3729 239 3789 terum
276 3724 480 3807 evangelii
516 3722 690 3788 Thomas
727 3743 915 3807 graecum
956 3727 1085 3787 textum
1122 3723 1312 3788 accuratius

111 3857 211 3918 quam
233 3834 402 3918 hueusque
424 3834 552 3900 factum
574 3839 648 3899 erat
669 3834 837 3917 exegimus
860 3832 902 3898 ad
926 3832 1140 3900 Dresdannm
1164 3833 1312 3898 codicem

112 3951 147 4012 et
168 3947 329 4012 lectiones
346 3945 575 4012 Bononienses
594 3967 615 4010 a
629 3944 842 4029 Mingarellio
864 3945 1058 4028 exscriptas,
1082 3944 1241 4010 adhibitis
1262 3944 1312 4008 in-

110 4078 210 4141 super
226 4057 422 4140 fragmentis
436 4056 683 4122 Parisiensibus
704 4061 738 4121 et
753 4055 1077 4125 Vindobonensibus.
1121 4055 1163 4120 In
1186 4054 1314 4120 edenda

109 4169 217 4234 latina
238 4167 440 4252 evangelii
463 4167 618 4233 arabici
645 4168 923 4250 interpretatione
946 4168 1078 4253 egregie
1102 4166 1230 4231 adiuvit
1251 4185 1312 4231 nos

111 4279 238 4361 collega
261 4279 495 4346 celeberrimus
518 4278 744 4361 Fleischerus,
773 4279 866 4344 euius
890 4279 999 4346 studio
1021 4281 1051 4345 is
1073 4267 1185 4345 textus
1208 4276 1310 4342 multo

109 4410 199 4455 nnnc
221 4389 424 4455 emendatior
446 4390 565 4473 prodit.
