2962 4912
376 312 709 364 Pseudo-mannum
728 313 968 364 avuncunlum.
995 312 1069 363 CAP.
1088 312 1139 362 111.
1317 311 1358 373 57

158 456 269 524 solam
295 482 316 525 a
335 461 567 544 benignitatis
589 471 669 528 tuae
692 464 782 528 dono
804 460 984 528 excludis?
1029 462 1081 527 Tu
1103 462 1197 526 nosti
1219 460 1357 526 domine

163 559 205 624 ab
226 562 326 628 initio
348 565 503 647 coniugii
527 586 579 629 me
601 564 666 631 hoc
687 568 835 646 vovisse,
857 571 897 630 ut
916 565 946 629 si
963 564 1121 629 dedisses
1142 563 1228 627 mihi
1249 562 1358 626 filium

166 669 226 728 sut
244 663 362 744 filiam,
385 665 590 732 obtulissem
613 668 711 732 illum
733 669 798 733 tibi
818 670 853 732 in
876 668 1006 751 templo
1029 672 1149 732 sancto
1172 672 1243 730 tuo.
1285 665 1360 728 ³Et

170 765 245 831 dum
264 767 331 832 ista
352 767 500 850 diceret,
528 770 644 835 subito
671 776 751 836 ante
777 771 902 835 faciem
928 771 1002 835 eius
1026 769 1190 853 apperuit
1212 769 1358 851 angelus

174 869 292 937 domini
313 870 449 936 dicens:
484 870 567 937 Noli
590 874 712 938 timere
734 871 855 953 Anna,
884 874 1048 955 qnoniam
1074 873 1109 936 in
1132 872 1279 937 consilio
1301 872 1358 936 dei

177 980 223 1039 est
237 994 370 1057 germen
388 982 500 1055 tuum;
522 980 557 1039 et
573 975 666 1058 quod
690 996 730 1039 ex
746 981 780 1040 te
798 982 916 1040 natum
933 974 1054 1055 fuerit,
1076 975 1144 1039 erit
1159 976 1195 1038 in
1212 974 1359 1039 admira-

179 1078 291 1142 tionem
307 1077 469 1142 omnibus
485 1078 614 1143 seculis
630 1099 741 1161 usque
759 1079 795 1141 in
812 1076 925 1141 finem.
950 1077 997 1142 Et
1010 1098 1087 1141 eum
1102 1077 1189 1143 haec
1200 1078 1358 1159 dixisset,

181 1180 216 1245 ab
231 1178 332 1244 oculis
349 1179 425 1244 eius
443 1179 582 1263 elapsus
594 1186 657 1246 est.
681 1179 750 1245 Illa
766 1185 1045 1244 autemtremeus
1061 1187 1245 1263 etpavenS,
1263 1180 1356 1264 quod

182 1283 305 1350 vidisset
319 1281 425 1346 talem
440 1283 609 1348 visionem
626 1289 661 1347 et
676 1282 782 1347 talem
802 1283 961 1348 audisset
974 1304 1178 1363 sermonem,
1199 1284 1360 1366 ingressa

184 1388 214 1454 in
229 1383 415 1451 cubiculum
432 1386 573 1450 iactavit
594 1406 630 1450 se
648 1387 684 1451 in
701 1386 793 1451 lecto
811 1387 911 1469 quasi
928 1392 1080 1468 mortua,
1104 1392 1139 1450 et
1154 1392 1228 1451 tota
1244 1385 1300 1451 die
1317 1406 1358 1451 ac

186 1495 266 1556 nocte
286 1487 320 1550 in
340 1492 490 1552 tremore
512 1489 619 1553 nimio
645 1510 685 1553 ac
707 1490 864 1553 oratione
887 1489 1088 1572 permensit.
1134 1491 1145 1522 ⁴
1165 1488 1253 1553 Post
1272 1488 1358 1553 haec

186 1590 294 1659 vocavit
312 1589 357 1654 ad
374 1610 410 1655 se
427 1590 579 1673 puellam
597 1612 693 1656 suam
711 1598 746 1656 et
762 1591 851 1655 dixit
872 1591 916 1656 ad
933 1612 1022 1657 eam:
1052 1590 1163 1659 Vides
1179 1613 1233 1655 me
1249 1592 1359 1655 vidui·

187 1702 241 1762 tute
255 1692 430 1776 deceptam
447 1694 533 1758 etin
550 1696 713 1778 angustia
728 1695 889 1777 positam,
907 1700 941 1759 et
957 1701 994 1759 tu
1013 1715 1076 1758 neo
1095 1693 1233 1776 ingredi
1249 1694 1357 1759 adme

188 1792 322 1864 uoluisti?
349 1795 449 1861 Tunc
466 1796 528 1862 illa
543 1797 579 1860 in
597 1818 769 1862 murmure
789 1798 839 1861 sic
855 1797 1038 1880 respondit
1055 1797 1190 1861 dicens:
1215 1795 1253 1862 Si
1271 1797 1358 1862 deus

191 1898 336 1966 conclusit
351 1905 489 1964 uterum
506 1906 603 1964 tuum
621 1905 655 1964 et
670 1902 780 1966 virum
797 1906 894 1965 tuum
913 1921 934 1965 a
950 1905 984 1964 te
1002 1898 1164 1979 abstulit,
1189 1919 1254 1983 ego
1272 1899 1358 1983 quid

189 2003 236 2069 tibi
249 2001 377 2067 lactura
394 1999 491 2065 snm?
521 2002 568 2066 Et
583 2002 670 2067 haec
686 2002 834 2068 audiens
853 2000 959 2067 Anna
975 2003 1125 2085 amplius
1142 2001 1257 2067 flebat.

652 2146 771 2212 Onpnn
795 2146 863 2211 ΙΠ.

254 2256 315 2320 ‘In
332 2257 408 2340 ipso
426 2263 581 2340 tempore
604 2260 767 2342 apparuit
784 2258 923 2342 qnidam
946 2259 1081 2322 iuvenis
1103 2259 1358 2338 intermontes,

187 2360 232 2425 ubi
244 2359 390 2425 Ioachim
411 2361 578 2443 pascebat
593 2383 716 2446 greges
724 2410 733 2443 ,
755 2368 789 2426 et
806 2361 894 2425 dixit
911 2361 957 2425 ei:
983 2360 1099 2445 Quare
1121 2383 1191 2426 non
1213 2368 1359 2426 reverte·

188 2464 224 2527 ris
235 2461 271 2527 ad
281 2482 420 2526 uxorem
430 2462 546 2528 tuam?
569 2464 617 2528 Et
628 2465 716 2528 dixit
725 2464 894 2529 Ioachim:
918 2463 1122 2545 Perviginti
1132 2483 1242 2528 annos
1252 2464 1360 2528 habui

188 2585 256 2643 esm3
275 2585 365 2628 nunc
384 2586 464 2630 vero
482 2567 565 2649 quia
585 2566 700 2631 noluit
716 2566 801 2631 deus
820 2567 904 2630 mihi
927 2586 968 2628 ex
991 2564 1131 2630 eadere
1149 2565 1257 2649 filios,
1282 2587 1359 2631 cum

187 2742 247 2790 maa
255 2746 292 2790 etc
302 2757 360 2790 cum
371 2754 433 2791 11111
448 2752 483 2790 cn
496 2741 543 2789 tibi
554 2741 604 2790 soli
613 2743 717 2805 gratias
729 2759 777 2806 apo
790 2744 851 2806 qaia
862 2746 891 2790 at
902 2743 1006 2791 voluisti
1019 2743 1057 2791 ita
1069 2743 1205 2800 ordinasti,
1219 2746 1248 2790 at
1260 2741 1290 2804 (1)
1303 2741 1356 2804 om)

187 2843 215 2876 u
223 2827 289 2876 ωἱαπι
306 2844 322 2874 a
335 2827 500 2890 benipnitatis
512 2831 570 2877 tuae
581 2845 682 2878 munere
699 2829 846 2878 exemeret
861 2827 891 2891 (1)
904 2828 1050 2890 excludens)
1072 2827 1075 2893 Ι
1098 2829 1134 2877 aa
1146 2830 1213 2877 nosti
1226 2854 1234 2864 ·
1247 2829 1361 2877 dedisses

188 2928 232 2962 cun
242 2926 267 2961 n:
283 2925 354 2963 neon
371 2914 408 2962 Pu
419 2915 483 2962 euim
495 2915 593 2963 domine
606 2914 655 2977 (un
667 2915 739 2978 deas)
751 2916 818 2964 anati
831 2931 875 2964 cor
886 2931 979 2972 mama,
998 2917 1060 2979 quia
1071 2916 1102 2963 ab
1115 2916 1189 2964 initio
1201 2916 1299 2979 sanisy.
1312 2914 1360 2962 mei

185 2998 221 3046 icc
229 2999 312 3047 aoniam
322 3014 360 3047 me
373 2997 402 3059 (Δ
415 3014 453 3046 me
464 2998 584 3060 voluisse)
598 2999 719 3065 confiteor
731 3000 761 3061 (1)
766 2998 871 3063 fateor)
883 3004 912 3049 ut
924 3001 947 3048 ai
961 3005 988 3049 ta
999 3001 1061 3049 deas
1073 2999 1100 3061 (o
1113 2998 1222 3062 mina)
1234 2999 1359 3056 dedissem

186 3095 200 3131 1)
210 3083 238 3132 lli
246 3084 337 3132 domim
347 3085 416 3133 nocti
428 3100 472 3134 eor
483 3101 569 3141 mmm,
583 3086 644 3148 qaia
655 3086 678 3133 ai
689 3085 802 3134 dedisses
815 3083 819 3149 Ι
834 3085 919 3134 illam.-
931 3098 988 3135 1111)
1001 3101 1050 3143 eoo,
1064 3096 1079 3135 ο
1093 3101 1135 3134 om
1150 3082 1154 3149 Ι
1169 3086 1195 3133 ia
1208 3084 1301 3148 amu
1314 3091 1357 3133 etc

186 3184 230 3218 cnm
240 3180 318 3218 Aaou:
333 3181 348 3216 11
361 3170 388 3216 in
401 3169 518 3233 ternplum
530 3174 644 3218 eandam
656 3175 725 3218 taam

237 3259 258 3305 ³.
273 3257 368 3305 sabito:
386 3269 403 3304 11
416 3272 458 3306 om
472 3255 476 3321 Ι
490 3258 590 3305 dicens.-
608 3268 643 3306 on
657 3257 710 3306 add
722 3258 746 3305 ei
759 3254 763 3322 Ι
777 3261 803 3306 et
815 3258 881 3321 qaod
894 3255 922 3317 (1
935 3258 1002 3320 quod
1014 3257 1090 3319 enim)
1104 3263 1162 3307 etc:
1183 3270 1200 3306 1)
1214 3257 1280 3320 qaod
1291 3272 1323 3305 ea
1335 3261 1361 3305 te

186 3342 275 3389 weitai·
291 3341 294 3404 Ι
308 3343 374 3390 erit.-
392 3355 408 3390 11
426 3342 531 3391 dabitur
544 3339 549 3408 Ι
564 3343 590 3391 in
606 3341 847 3405 admirationem
863 3341 946 3403 ·oae).·
962 3355 982 3390 1)
996 3344 1022 3390 in
1038 3343 1210 3391 amaritudine
1224 3339 1228 3406 Ι
1242 3342 1360 3405 elapsae:

186 3426 329 3476 eonibentia
342 3425 347 3492 Ι
361 3431 482 3477 (τωρωι
494 3441 531 3477 An
544 3429 633 3478 timens
646 3425 650 3493 Ι
666 3441 681 3476 11
694 3443 736 3477 om
749 3432 774 3477 et
779 3444 878 3492 paoem
891 3424 895 3492 Ι
909 3429 1043 3478 sisinum:
1056 3430 1198 3477 edictalem
1211 3425 1215 3493 Ι
1229 3430 1360 3491 inpressa.-

186 3524 204 3558 1.
212 3527 286 3574 picen
302 3514 398 3562 &aaa
418 3510 422 3578 Ι
440 3515 467 3563 ia
484 3514 564 3564 beto:
583 3527 618 3563 nn
635 3515 661 3563 ia
680 3514 770 3563 lectam
788 3513 816 3575 (11
828 3514 880 3563 add
892 3514 974 3575 mam)
995 3511 999 3577 Ι
1018 3515 1092 3578 quasi
1109 3513 1156 3575 (an
1175 3514 1227 3563 cdd
1239 3514 1360 3577 sahmi)

186 3601 264 3646 mitia
272 3603 307 3647 et:
325 3611 342 3648 11
354 3603 380 3647 et
392 3600 466 3662 quasi
476 3604 578 3649 mortua
596 3598 600 3664 Ι
620 3611 656 3649 01)
667 3615 716 3662 per
728 3604 806 3649 totum
817 3600 883 3647 diem
901 3604 926 3649 et
938 3604 1018 3649 totam
1028 3604 1124 3648 noctem
1144 3596 1148 3664 Ι
1167 3611 1184 3647 11
1197 3613 1239 3648 om
1252 3604 1361 3650 tremore

188 3696 245 3732 unu
255 3700 281 3730 ac

237 3771 258 3818 4.
273 3770 333 3819 Post
344 3770 421 3817 iaec:
434 3782 470 3817 11)
483 3768 535 3818 add
549 3785 616 3827 vero,
634 3782 650 3819 11
663 3775 746 3819 actem
760 3770 763 3836 Ι
774 3773 890 3836 puellam
902 3777 933 3822 nt
945 3784 1033 3829 lnam
1052 3783 1069 3818 11
1081 3769 1204 3818 ancillam
1217 3767 1221 3834 Ι
1241 3770 1360 3821 Videant

185 3863 239 3912 2³13
249 3867 279 3904 cn
290 3857 377 3905 vidisti
390 3852 394 3920 Ι
408 3871 446 3904 me
458 3871 542 3920 nsque
551 3857 664 3920 positam
677 3872 735 3906 cum
749 3870 818 3907 aen:
832 3871 849 3906 1)
862 3860 889 3907 in
900 3858 1071 3906 asperitudine
1082 3860 1108 3905 et
1119 3857 1240 3921 σημαία
1247 3859 1361 3921 poeitm

184 3942 204 3986 et
217 3940 238 3987 in
252 3941 367 3991 uiduitate
385 3942 523 3998 desertam
542 3956 559 3991 11
576 3959 614 3992 me
625 3944 774 3993 viduitatem
789 3944 918 3993 habentem
935 3945 961 3991 i»
979 3943 1099 4006 caputia
1119 3940 1122 4007 Ι
1142 3958 1187 3990 nec
1202 3943 1303 4006 inpaedi
1315 3950 1360 3995 etc

184 4037 281 4087 11111111
297 4040 333 4077 AB
345 4026 446 4091 inpredi
458 4028 493 4076 ad
504 4043 542 4076 me
553 4028 668 4087 achati,
680 4042 699 4077 1)
713 4045 793 4093 quare
805 4030 840 4079 ad
850 4045 889 4078 me
900 4031 967 4092 ingr.
980 4028 1085 4078 noluisti
1098 4025 1102 4093 Ι
1117 4030 1143 4077 ia
1155 4045 1280 4079 mamre
1292 4046 1359 4094 reip.

184 4109 215 4157 aii
223 4116 249 4160 ut
259 4123 321 4171 cong
339 4127 356 4162 1
366 4129 450 4178 parvo
462 4129 588 4162 marmure
600 4115 637 4163 aie
648 4116 781 4180 respondit
792 4116 892 4172 diem,
911 4127 928 4163 1)
939 4129 1098 4163 mammaea
1110 4114 1193 4178 eoepit
1204 4115 1290 4164 diem
1303 4112 1307 4180 Ι
1323 4117 1361 4167 lte

183 4193 243 4244 iace:
258 4209 289 4246 11)
302 4199 358 4249 Hoc
371 4196 375 4264 Ι
390 4199 589 4264 ampliaefladat
601 4204 632 4249 ut
644 4214 674 4249 n:
693 4213 728 4250 lo
740 4202 856 4250 emittm
867 4216 950 4250 vom
961 4216 1016 4249 mm
1027 4199 1180 4250 emtoribus
1191 4199 1220 4261 (1
1233 4200 1360 4266 lamissio

183 4277 234 4339 let,
244 4293 260 4330 1)
271 4286 370 4334 eandem
382 4285 493 4347 (omisso
506 4286 595 4347 Ama)
608 4302 690 4336 uocem
702 4288 882 4336 miliciacum
895 4286 1024 4336 clamarit.
1038 4291 1062 4336 et
1073 4286 1255 4352 hwinkfleb.

238 4366 281 4417 111.
298 4370 329 4418 In
342 4372 398 4434 ipso
416 4376 446 4419 ut
459 4383 527 4431 cnu3
546 4385 563 4418 Δ
577 4372 674 4420 Eodem
692 4368 696 4436 Ι
715 4386 732 4420 a
746 4373 771 4420 in
783 4372 908 4421 montibus
919 4372 1046 4429 Ioaebim,
1064 4372 1106 4420 abi
1115 4387 1156 4435 gr.
1168 4374 1360 4437 compescebat

142 4498 147 4527 ἱ
183 4448 277 4516 ditique
287 4455 319 4504 ad
331 4468 385 4505 eam
400 4451 404 4520 Ι
418 4471 483 4504 nanc
494 4471 554 4505 vero
567 4463 610 4505 etc
624 4472 683 4505 cnm
694 4469 761 4515 cnm
775 4456 834 4521 1(1))
847 4461 873 4506 et
884 4457 967 4506 nolu&
979 4472 1053 4505 eaeo
1063 4456 1125 4504 miii
1136 4456 1358 4522 damdarefilioe.
