2962 4912
613 312 885 368 monsacutus.
1234 331 1238 340 ‘
1275 335 1352 381 ΠΗ

136 487 206 550 pro
241 467 422 552 dpeotoou:
460 464 522 533 IV.
552 455 656 550 ἧλθεμ
684 465 847 551 ἅγγελοσ
976 465 1047 530 ῑδοὺ
1074 465 1143 532 edit
1171 489 1244 532 cum
1268 469 1352 533 mira

139 579 296 662 quadam
326 577 519 643 coniectura
547 598 607 659 pro
645 567 750 661 ἧλθομ
781 577 931 663 ἄγγελοι
970 577 1026 642 δύο
1057 581 1235 663 λέγομτεσ
1265 575 1350 662 αὐτῇ

131 689 247 755 Ἰδούε
277 690 340 758 VI.
363 687 534 773 ἁμΗμιαίου
559 709 620 772 pro
644 692 854 773 {pnpupsuiou
875 689 984 772 fingit,
1012 688 1178 772 ἀφείλετο
1202 690 1243 753 τὸ
1267 690 1351 775 dper-

141 801 210 864 odo
235 826 299 886 μου
322 805 359 886 ἑμ
382 799 503 865 αῦτοῖσ
524 821 585 882 pro
603 799 774 883 ἇῲείλατό
798 824 838 883 με
861 800 902 863 τὸ
920 800 1058 885 -ὅμειδόσ
1081 825 1143 884 μου
1164 805 1200 886 ἐμ
1220 801 1351 886 ἆμθρώ·

141 936 254 977 ωοισ;
284 911 367 980 VII.
390 909 549 996 dpoipopm
571 911 673 976 habet
694 931 754 994 pro
778 909 961 996 dpc'spopep,
985 911 1093 994 primm
1116 934 1177 994 pro
1201 912 1351 995 ptmoec:

140 1021 253 1090 VHI.
286 1022 327 1088 οῦ
354 1023 571 1106 κατεστράῲκ
599 1043 661 1105 pro
691 1022 749 1086 οὐκ
777 1020 1004 1108 ἇωεστράῲη,
1037 1025 1169 1088 δώδεκα
1299 1024 1352 1088 κό-

143 1136 253 1220 δομομ
279 1142 367 1215 (cum
388 1134 489 1217 longa
511 1135 675 1215 oratione)
698 1155 760 1216 pro
784 1133 1056 1219 δωδεκακὸδομομ
1075 1135 1166 1216 (sio):
1190 1135 1256 1200 IX
1273 1160 1350 1220 συμ-

144 1247 330 1331 ελθόμτωμ
361 1267 422 1329 pro
454 1245 705 1330 ουμελθόμτεσ,
738 1245 853 1310 scribit
878 1244 1008 1330 Ἰωσὴφ
1156 1270 1198 1310 σε
1230 1248 1266 1332 ἐμ
1298 1243 1352 1332 τῷ

145 1359 306 1438 („laounu
329 1380 387 1421 aon
411 1361 509 1421 maior
530 1360 621 1420 unius
641 1358 726 1419 verbi
745 1360 875 1442 epotio.“
921 1357 1046 1442 „Igitur
1067 1358 1221 1442 &pendam
1249 1382 1352 1420 κατα-

144 1473 271 1533 λείωω
295 1479 368 1532 σε.“
413 1468 530 1550 „Vides
551 1472 648 1531 nostri
667 1469 919 1549 breuitatem.)‚a
958 1465 1155 1554 estimonio
1172 1467 1258 1532 Ἰδοὺ
1279 1492 1353 1532 ωα-

145 1580 297 1664 ρέλαΒόμ
326 1603 367 1642 σε
396 1581 433 1642 ἑκ
460 1572 544 1663 pacis
571 1582 693 1662 κυρίου,
726 1583 775 1641 καὶ
807 1573 865 1663 μῦμ
898 1581 1104 1643 καταλείωω
1137 1603 1178 1642 σε
1210 1582 1246 1664 ἑμ
1280 1575 1352 1664 top:

146 1690 237 1756 XH.
257 1693 373 1776 ἑγώκε
393 1692 488 1776 („leqe
505 1692 660 1774 ἑγώγε“)
684 1688 786 1754 habet
803 1710 864 1772 pro
884 1691 973 1774 ἐγώ,
997 1689 1082 1773 κύριε
1102 1690 1353 1774 (rescriptum).

146 1801 255 1868 Cuius
282 1801 413 1884 generis
439 1801 507 1865 alia
527 1801 634 1864 multa
656 1821 758 1883 quum
781 1821 821 1865 ex
843 1800 960 1865 iisdem
982 1805 1054 1864 tum
1077 1822 1117 1865 ex
1138 1799 1276 1883 reliquis
1300 1823 1351 1866 ca·

145 1914 275 1996 pitibus
303 1911 414 1978 afferri
441 1916 580 1993 possunt
588 1912 623 1993 1).
667 1910 711 1976 In
737 1912 826 1976 notis
852 1930 931 1976 vero
961 1910 1093 1993 siquid
1120 1911 1200 1977 boni
1228 1916 1291 1994 est,
1319 1912 1353 1978 id

146 2032 259 2091 totum
283 2046 304 2089 a
325 2022 468 2088 'Philone
489 2022 621 2105 pendet.

237 2135 359 2201 Restat
379 2140 418 2197 ut
441 2133 486 2198 de
510 2140 649 2199 nostra
672 2133 853 2199 editione
877 2134 1087 2216 explicemus.
1129 2133 1352 2199 Adhibuimus

145 2254 284 2331 praeter
305 2245 476 2329 vulgatum
500 2251 550 2327 (r)
575 2251 608 2310 et
627 2245 769 2311 Postelli
789 2247 883 2327 (Poe)
907 2250 1035 2310 textum
1058 2245 1198 2311 codices·
1213 2250 1353 2328 septem·

144 2358 264 2423 decim.
297 2357 339 2421 In
356 2357 408 2421 his
426 2357 556 2423 codices
574 2378 619 2422 sn
641 2363 675 2421 et
696 2358 820 2439 integri
842 2362 919 2421 sunt
941 2362 975 2421 et
997 2358 1061 2421 toti
1084 2378 1104 2421 a
1126 2357 1222 2422 nobis
1243 2363 1351 2422 trans·

145 2469 276 2552 scripti.
320 2467 459 2533 Codices
482 2489 532 2532 mr
554 2488 689 2550 magnas
711 2473 843 2532 tantum
866 2467 1107 2551 proterangelii
1135 2473 1247 2550 partes
1275 2489 1351 2533 con·

144 2582 258 2644 tinent
281 2601 404 2661 easque
427 2580 554 2662 pariter
576 2579 673 2661 plene
695 2579 991 2662 transscripsimus.
1029 2578 1188 2644 (iudicum
1205 2598 1270 2653 oro
1287 2580 1368 2661 pris

145 2712 220 2756 mas
243 2691 342 2756 modo
366 2695 399 2756 et
421 2696 585 2756 extremas
608 2695 721 2773 partes
743 2692 939 2756 notavimus.
985 2689 1098 2755 Codex
1119 2713 1142 2756 n
1168 2713 1290 2774 magna
1311 2713 1352 2756 ex

147 2809 246 2885 parte
269 2801 357 2866 inira
378 2808 553 2884 excerptus
577 2807 637 2884 est,
659 2800 717 2866 sed
740 2800 781 2866 ad
804 2800 1042 2887 recensendum
1063 2807 1191 2866 textum
1206 2801 1351 2868 nondum

144 2921 282 2998 praesto
296 2913 413 2995 eratt).
438 2913 480 2977 In
495 2912 692 2978 adhibendis
709 2913 847 2996 reliquis
863 2913 1005 2977 aliorum
1022 2912 1086 2977 fide
1102 2912 1255 2977 standum
1271 2920 1351 2980 erat.

144 3026 282 3106 Trium,
311 3023 352 3089 de
376 3024 496 3106 quibus
524 3023 612 3088 infra
634 3023 707 3088 vide
731 3024 792 3088 sub
815 3026 904 3104 star,
932 3024 1104 3106 lectiones,
1132 3045 1250 3106 parum
1273 3025 1350 3089 illae

145 3137 285 3222 quidem
295 3136 424 3201 curiose
434 3141 580 3217 notatae,
595 3135 757 3200 debentur
767 3134 919 3214 Birchi03
931 3135 1135 3217 reliquorum
1146 3137 1201 3200 i.e.
1212 3155 1351 3201 cunnum

144 3248 335 3313 industriae
351 3246 511 3311 Thilonis.
540 3245 609 3311 Hic
625 3245 739 3311 attulit
754 3268 794 3311 ex
809 3246 937 3313 duobus
952 3247 1080 3312 ultimis
1095 3247 1115 3310 i.
1126 3268 1152 3311 e.
1162 3268 1213 3313 un
1228 3267 1351 3329 paucas

143 3367 281 3425 tantum
302 3358 472 3438 lectiones,
495 3378 543 3422 ex*
558 3356 671 3423 codice
693 3379 771 3423 vero
791 3377 810 3423 o
833 3359 939 3440 ipsum
961 3363 1090 3423 textum
1113 3379 1209 3422 suum
1230 3357 1352 3438 hausit,

142 3494 163 3536 a
190 3492 260 3553 qno
284 3470 509 3551 discrepantes
533 3467 684 3533 codicum
706 3489 774 3533 nnn
798 3470 957 3534 lectiones
979 3469 1147 3533 indicavit.
1192 3466 1284 3552 Quos
1306 3467 1352 3532 la·

143 3583 247 3648 bores
270 3581 333 3646 etsi
355 3581 467 3664 magni
490 3579 592 3662 facio,
619 3586 731 3646 tamen
755 3601 862 3662 saepe,
888 3581 921 3644 in
943 3581 1079 3644 minutis
1102 3580 1242 3644 maxime
1265 3599 1350 3661 quae

141 3693 304 3758 videntur
325 3692 434 3773 rebnS,
456 3713 497 3756 ex
519 3692 749 3757 notationibus
765 3691 916 3757 'Philonis
933 3691 1012 3774 quid
1034 3692 1069 3756 in
1087 3690 1255 3755 codicibus
1273 3691 1350 3755 sori·

139 3810 243 3888 ptum
272 3804 317 3867 sit
344 3823 411 3867 uon
435 3803 516 3866 satis
538 3801 669 3867 definiri
691 3808 812 3886 potest.
855 3803 946 3867 Hinc
970 3803 1004 3866 in
1027 3802 1262 3867 commentario
1284 3801 1351 3883 ple·

140 3936 289 3998 rumque
312 3934 378 3978 non
400 3914 589 3979 notavimus
611 3914 675 3978 nisi
699 3912 738 3978 de
762 3914 882 3996 quibus
905 3914 1029 3996 ambigi
1051 3934 1118 3978 non
1140 3918 1260 3995 posset.

234 4025 390 4089 Accessit
412 4046 490 4090 vero
513 4024 678 4090 etiamad
702 4025 976 4090 commentarium
1002 4030 1150 4090 nostrum
1172 4023 1269 4106 plena
1292 4044 1348 4087 no-

143 4157 367 4168 .-.....-—-

236 4232 258 4297 1)
277 4234 366 4284 Panos
377 4235 431 4283 slis
443 4235 495 4283 ism
508 4233 686 4285 indicavimus
702 4235 730 4285 in
743 4233 891 4299 appendice
905 4234 1000 4284 critica
1012 4233 1213 4284 dissertationis
1224 4232 1258 4281 da
1270 4247 1348 4282 eran·

137 4321 282 4386 galiorum
299 4319 511 4383 apocryphorum
531 4320 635 4383 origine
654 4324 683 4368 et
700 4335 757 4369 nau.
786 4319 879 4383 Hsgse
897 4317 1029 4369 Comitum
1049 4319 1124 4367 1851.
1144 4333 1205 4381 psg.
1219 4318 1269 4366 20³
1287 4331 1347 4379 sqq.

232 4401 257 4470 ἵ)
277 4404 332 4454 Sed
349 4403 382 4454 de
400 4405 450 4454 hoo
469 4403 561 4455 cedias
579 4417 598 4454 a
619 4421 643 4455 v.
661 4406 745 4469 prasi.
