3000 4912
372 891 442 962 DE
474 889 836 963 NATIVITATE
868 888 1126 964 MARIAE.*

664 1123 784 1191 Oaros
808 1124 836 1189 I.

234 1295 378 1378 ¹Igitur
402 1297 505 1362 beata
534 1303 568 1362 et
590 1297 743 1380 gloriosa
765 1318 902 1380 semper
921 1299 1016 1381 virgo
1037 1296 1151 1363 hieria
1174 1297 1216 1362 de
1240 1299 1349 1381 stirpe

141 1400 244 1491 ¹regia
274 1405 309 1463 et
334 1399 466 1464 familia
490 1400 604 1465 David
634 1400 797 1481 oriunda,
827 1401 863 1464 in
890 1402 1028 1466 civitate
1054 1399 1230 1466 Nazareth
1257 1407 1349 1482 nata,

150 1501 403 1586 Hierosolymis
425 1503 461 1566 in
483 1503 612 1586 templo
632 1503 764 1568 domini
786 1504 919 1568 nutrita
941 1503 1018 1568 fuit.
1051 1503 1159 1568 Pater
1181 1505 1256 1568 eius
1273 1503 1351 1568 Ioa-

149 1604 247 1686 chim,
264 1611 377 1670 mater
391 1626 471 1670 vero
482 1603 588 1671 Anna
605 1607 796 1672 dicebatur.
820 1606 955 1671 Domus
972 1612 1119 1689 paterna
1135 1627 1176 1671 ex
1188 1604 1350 1672 Galilaea

148 1711 182 1770 et
204 1709 346 1772 civitate
372 1707 563 1790 Nazareth,
595 1716 788 1774 maternum
818 1715 934 1774 autem
960 1730 1069 1792 genus
1096 1730 1137 1773 ex
1163 1709 1349 1774 Bethleem

148 1817 230 1875 erat.
271 1811 283 1844 ²
299 1810 383 1877 Vita
400 1832 519 1876 eorum
536 1811 683 1894 simplex
700 1818 735 1876 et
751 1817 847 1877 recta
863 1810 955 1894 apud
973 1811 1161 1893 dominum,
1179 1811 1272 1894 apud
1289 1811 1351 1876 ho·
1447 1820 1452 1830 ‘

148 1913 255 1978 mines
273 1913 591 1997 irreprehensibilis
610 1921 684 1979 erat
701 1921 736 1979 et
751 1916 819 1997 pia.
857 1913 946 1979 Nam
963 1935 1098 1978 omnem
1116 1913 1348 1980 substantiam

147 2036 240 2081 suam
258 2015 429 2081 trifariam
448 2017 654 2082 diviserunt:
672 2039 775 2083 unam
791 2024 925 2102 partem
941 2017 1071 2101 templo
1088 2023 1124 2082 et
1139 2018 1260 2101 templi
1278 2039 1348 2083 ser·

146 2118 314 2184 ritoribus
331 2120 590 2204 impendebant,
613 2120 716 2186 aliam
733 2122 928 2205 peregrinis
946 2127 982 2186 et
997 2120 1211 2204 pauperibus
1229 2141 1348 2204 eroga·

147 2218 242 2305 bant,
265 2225 405 2289 tertiam
423 2245 505 2289 suae
523 2224 677 2289 familiae
701 2224 822 2289 usibus
840 2230 875 2289 et
894 2224 962 2289 sibi
978 2224 1214 2289 reservabant.
1261 2226 1272 2258 ³
1289 2223 1346 2288 Ita

145 2321 202 2387 isti
220 2323 286 2389 deo
308 2327 389 2407 cari,
411 2326 610 2392 hominibus
628 2328 688 2410 pii,
707 2348 771 2411 per
787 2348 896 2391 annos
915 2327 1055 2391 circiter
1070 2325 1195 2408 viginti
1213 2329 1346 2389 castum

148 2423 236 2491 dorni
253 2429 454 2513 coniugium
472 2430 546 2495 sine
563 2418 753 2495 liberorum
769 2430 1011 2513 procreatione
1030 2428 1250 2494 exercebant.
1275 2428 1345 2495 Vo-

147 2538 267 2596 verunt
284 2538 416 2616 tamen,
441 2535 469 2598 si
491 2533 580 2599 forte
599 2534 685 2599 deus
703 2535 850 2599 donaret
871 2535 921 2598 eis
940 2533 1110 2614 sobolem,
1135 2552 1209 2597 eam
1231 2552 1267 2596 se
1286 2531 1346 2597 do·

148 2633 382 2700 miniservitio
393 2636 667 2719 mancipaturos:
686 2637 785 2701 cuius
796 2637 848 2701 rei
859 2636 971 2719 gratia
988 2643 1022 2701 et
1033 2635 1200 2719 templum
1212 2635 1345 2700 domini

147 2735 297 2820 singulis
317 2759 524 2821 perannum
541 2738 641 2803 festis
659 2737 883 2821 frequentare
901 2737 1071 2804 solebant.

647 2959 767 3026 Oaros
790 2960 839 3025 Π.
899 2989 900 2992 “

232 3129 405 3195 ¹Factum
429 3138 481 3195 est
503 3139 618 3197 autem
640 3140 679 3198 ut
700 3134 946 3198 encaeniorum
966 3133 1136 3198 festivitas
1160 3133 1346 3216 appropin-

147 3238 278 3313 quaret,
300 3234 392 3298 unde
411 3255 487 3298 cum
504 3236 683 3301 nonnullis
701 3235 958 3301 contribulibus
976 3236 1047 3300 suis
1063 3234 1344 3317 Hierosolymam

212 3407 223 3426 ⁸
241 3409 282 3456 De
295 3410 430 3458 nativitate
442 3410 560 3459 Mariae:
579 3412 616 3461 sic
631 3412 711 3462 etism
727 3412 839 3461 Vallsrs.
863 3413 922 3461 Non
937 3411 1043 3460 videtur
1056 3409 1273 3474 praeponendum
1287 3424 1345 3458 esee

145 3495 357 3558 .‚evangeliom“‚
372 3495 443 3558 qood
456 3502 537 3545 antea
549 3512 608 3546 cum
622 3497 723 3547 Fabric.
737 3504 765 3547 et
778 3497 848 3546 Thil.
862 3497 1011 3561 praeposui.

213 3577 234 3636 l,
255 3581 277 3626 1.
302 3576 401 3643 [piturr
419 3580 456 3628 sic
470 3584 501 3630 ut
514 3582 627 3631 Vallars.
641 3582 728 3631 edidit
740 3583 821 3632 etiam
834 3583 892 3632 cod.
906 3582 965 3630 Par.
991 3580 1144 3629 Sostulerat
1156 3578 1260 3629 Fabric.
1274 3595 1344 3629 eum·

148 3676 196 3724 que
210 3678 269 3713 cunr
284 3663 354 3713 Thil.
368 3666 425 3728 ipse
439 3671 547 3715 secutus
561 3682 618 3715 sum
632 3667 660 3717 in
673 3668 723 3730 pri.
736 3667 778 3718 ed.

211 3751 236 3797 2.
256 3749 315 3797 l’ar.
328 3765 370 3798 om
383 3755 408 3798 et
420 3755 491 3798 recta
511 3747 514 3816 l
534 3751 600 3800 Nam
613 3768 706 3801 omnem
724 3777 733 3789 ·
751 3753 929 3802 reservabant:
948 3753 983 3802 cf.
996 3751 1039 3801 1³2.
1052 3749 1152 3801 Matth.
1166 3764 1260 3815 evang.
1274 3751 1300 3810 Ι,
1321 3754 1344 3802 l.

148 3829 265 3884 Proxime
278 3835 312 3884 ad
326 3836 391 3884 baec
405 3837 537 3900 scriptura
549 3837 656 3887 accedit
668 3837 769 3887 codicis
783 3837 951 3886 Ambrosiani
965 3837 994 3899 (i.
1008 3852 1030 3886 e.
1044 3835 1082 3897 a).
1113 3834 1164 3883 Pro
1178 3836 1344 3899 servitoribae

147 3915 191 3969 ille
202 3921 377 3972 sacerdotibus
391 3921 480 3971 babet.

211 4009 235 4055 3.
256 4002 299 4055 Ita
311 4007 356 4055 isti
368 4033 376 4043 ·
389 4007 518 4057 solebant.-
531 4007 712 4056 absimillima
725 4006 795 4070 apud
806 4005 1021 4057 Pseudo-Matth.
1037 4006 1058 4063 l,
1073 4007 1086 4054 1
1100 4022 1139 4070 sq.
1155 4021 1186 4055 ex
1197 4007 1255 4055 cod.
1267 4008 1342 4056 Amb.

148 4086 185 4138 lbi
196 4095 241 4140 eet
253 4091 353 4141 domino
365 4093 447 4142 iustae
458 4097 484 4142 et
493 4093 633 4141 hminibae
640 4093 714 4154 piae,¹
732 4093 797 4143 item
812 4093 938 4142 Venerunt
951 4096 1049 4142 tantum
1060 4092 1083 4141 si
1095 4093 1158 4141 deae
1169 4092 1257 4149 daret,¹
1277 4092 1342 4142 item

145 4176 231 4238 templi
242 4179 355 4227 seruitio.
370 4176 374 4243 l
388 4179 496 4228 donaret
508 4179 558 4228 eie.-
572 4178 628 4228 Par.
642 4180 678 4228 eie
690 4180 747 4228 don.
762 4176 765 4243 Ι
781 4177 838 4227 Par.
853 4195 895 4227 om
907 4183 933 4228 et
946 4186 1009 4229 ante
1023 4178 1108 4241 templ.
1122 4180 1187 4227 dom.
1242 4239 1245 4245 Ι

212 4262 248 4311 11.
269 4263 320 4313 Per
342 4269 427 4314 totum
449 4272 531 4330 capot
552 4279 637 4328 paene
659 4263 692 4315 ad
714 4264 822 4314 verbum
844 4266 983 4315 consentit
1004 4264 1063 4314 cod.
1083 4264 1156 4314 Amb.
1179 4264 1208 4312 in
1226 4263 1342 4314 Pseudo·

144 4343 243 4399 berth.
257 4349 293 4408 11,
313 4352 335 4399 1.

214 4439 237 4485 1.
263 4434 305 4485 lbi
323 4439 379 4486 cst:
406 4437 510 4487 Factum
529 4441 567 4486 est
590 4440 673 4486 actem
691 4452 746 4486 cam
763 4462 772 4472 ·
789 4452 910 4500 approp..
934 4432 1047 4486 Ioacbim
1065 4450 1119 4484 cam
1138 4460 1147 4470 ·
1166 4433 1343 4485 Imeolimam

195 4517 280 4568 avenz.
290 4528 363 4568 apocr.
373 4521 408 4559 ed.
419 4520 571 4561 Ttrcbendort.
586 4519 626 4560 lid.
637 4519 665 4560 11.
1112 4521 1129 4569 8
