2962 4912
137 301 200 365 206
223 300 456 352 evaserumt
474 299 664 352 maxuma
681 298 872 351 nuculeum.
890 297 998 349 xuvn.
1016 296 1139 349 xuvnl.
1157 296 1251 348 xm.

591 499 711 567 Csrur
733 499 886 568 XLVII.

225 658 309 724 Alio
334 664 488 740 tempore
515 676 592 721 cum
616 657 751 740 vesperi
776 655 936 722 dominus
959 653 1061 719 Iesus
1087 673 1165 719 cum
1186 652 1343 738 Iosepho

141 761 280 829 domum
310 766 558 843 reverteretur,
591 758 726 827 obviam
756 760 881 826 habuit
909 779 1070 843 puerum,
1103 758 1162 842 qui
1195 777 1344 822 currens

141 866 253 950 ipsum
268 871 340 930 tam
354 864 578 931 vehementer
592 864 732 948 impulit
746 869 786 929 ut
796 862 947 931 caderet.
971 861 1039 928 Oui
1049 860 1211 927 dominus
1221 859 1342 926 Iesus:

143 968 442 1054 Quemadmodum
466 989 520 1034 me
540 967 737 1052 proiecisti,
765 969 816 1034 ita
836 968 939 1035 cades
961 986 1075 1050 neque
1096 985 1230 1048 surges.
1275 962 1347 1028 Ea·

143 1073 289 1155 demque
307 1071 392 1137 hora
408 1070 543 1137 corruit
558 1091 645 1154 puer
661 1076 697 1136 et
712 1071 908 1155 exspiravit.

581 1290 702 1358 Oarur
724 1291 897 1359 XLVIII.

226 1448 314 1514 Erat
337 1466 440 1541 pomo
461 1446 728 1534 Hierosolymae
750 1446 891 1530 quidam
910 1445 1093 1511 Zachaeus
1119 1446 1260 1512 nomine
1283 1445 1346 1529 qui

141 1571 268 1635 pueros
289 1547 482 1615 erudiebat.
516 1548 618 1614 Dixit
636 1550 667 1614 is
688 1547 852 1633 Iosepho:
886 1547 1019 1632 Quare,
1042 1570 1061 1614 o
1082 1548 1249 1633 Iosephe,
1272 1569 1346 1614 non

143 1653 288 1719 adducis
305 1652 349 1718 ad
365 1673 418 1719 me
435 1651 554 1718 Iesum
570 1659 609 1718 ut
624 1653 761 1718 litteras
778 1650 914 1719 discat?
937 1651 1077 1719 Annuit
1091 1651 1145 1718 illi
1157 1652 1346 1737 Iosephus,

144 1762 179 1821 et
198 1754 242 1821 ad
258 1755 376 1821 heram
391 1753 541 1821 Mariam
556 1755 622 1823 hoc
638 1756 770 1823 retulit.
802 1753 861 1822 Ad
878 1757 1080 1840 magistrum
1100 1757 1222 1841 itaque
1244 1755 1347 1821 illum

143 1858 387 1939 deduxerunt3'
400 1860 460 1942 qui
482 1859 691 1943 simulatque
715 1882 793 1927 eum
816 1859 1010 1944 conspexit,
1031 1858 1257 1944 alphabetum
1277 1857 1344 1942 ipsi

144 1962 352 2046 conscripsit
377 1967 412 2028 et
436 1967 475 2027 ut
493 1959 610 2046 Aleph
631 1963 765 2029 diceret
787 1964 975 2048 praecepit.
1019 1961 1069 2028 Et
1093 1984 1170 2028 cum
1196 1962 1345 2027 dixisset

142 2062 273 2149 Aleph,
297 2065 464 2149 magister
485 2086 564 2131 eum
579 2065 670 2131 Beth
690 2066 922 2150 pronunciare
944 2066 1057 2129 iussit.
1093 2062 1159 2129 Oui
1180 2063 1344 2129 dominus

143 2168 260 2233 Iesus:
291 2167 359 2232 Dic
376 2168 461 2233 mihi
479 2169 576 2251 prius
593 2169 885 2252 significationem
905 2168 1045 2234 litterae
1060 2164 1193 2250 Aleph,
1217 2172 1254 2231 et
1272 2172 1345 2231 tum

142 2270 235 2336 Beth
245 2268 494 2353 pronunciabo.
521 2268 677 2355 Cumque
689 2270 1009 2356 magisterverbera
1023 2271 1055 2336 ei
1070 2271 1274 2351 intentaret,
1292 2289 1347 2334 ex-

143 2374 261 2457 posuit
281 2372 334 2437 illi
354 2372 516 2439 dominus
532 2373 634 2440 Iesus
656 2375 931 2459 significationes
953 2374 1150 2439 litterarum
1170 2368 1291 2456 Aleph
1306 2378 1348 2437 >et

139 2475 249 2556 Beth3
273 2475 356 2541 item
377 2496 549 2558 quaenam
570 2476 767 2542 litterarum
787 2478 918 2561 figurae
943 2483 1062 2542 essent
1082 2482 1214 2557 rectae,
1240 2495 1347 2559 quae-

141 2600 221 2646 nam
237 2580 400 2661 intortae,
420 2598 592 2662 quaenam
607 2579 644 2644 in
662 2581 789 2664 spiram
806 2579 1074 2661 circumductae,
1096 2599 1185 2663 quae
1201 2578 1347 2663 punctis

141 2683 348 2766 insignitae,
381 2701 469 2764 quae
495 2680 628 2748 eisdem
653 2690 827 2768 carentes;
859 2703 966 2767 quare
996 2683 1066 2748 alia
1090 2682 1210 2748 littera
1238 2682 1347 2747 aliam

140 2786 381 2873 praecederet;
412 2784 552 2868 aliaque
582 2785 733 2870 plurima
762 2807 925 2853 enarrare
952 2787 1067 2870 coepit
1097 2794 1132 2852 et
1162 2784 1346 2851 elucidare

43 2911 45 2915 ’
143 2909 233 2973 quae
255 2888 422 2972 magister
442 2889 515 2973 ipse
538 2910 603 2955 nec
624 2888 805 2956 audiverat
825 2876 979 2974 unquam
1002 2911 1066 2955 nec
1090 2891 1127 2954 in
1152 2888 1245 2955 libro
1272 2888 1345 2954 ullo

142 2994 286 3077 legerat.
331 2991 433 3058 Dixit
454 3013 556 3077 porro
582 2994 748 3077 magistro
775 2993 935 3060 dominus
960 2994 1077 3061 Iesus:
1121 2991 1283 3059 Attende
1309 2999 1350 3058 ut

144 3096 257 3161 dicam
273 3093 350 3160 tibi.
376 3093 570 3180 Coepitque
587 3098 679 3164 clare
697 3103 733 3164 et
748 3097 912 3164 distincte
930 3099 1079 3164 recitare
1093 3093 1223 3181 Aleph,
1240 3095 1347 3177 Beth,

144 3195 271 3280 Gimel,
287 3197 427 3282 Daleth,
446 3220 556 3284 usque
573 3200 617 3266 ad
633 3200 719 3267 Tau.
752 3200 854 3285 Quod
870 3202 1016 3268 miratus
1032 3201 1208 3285 magister,
1225 3198 1350 3286 Hunc,

143 3302 276 3384 inquit,
297 3321 442 3385 puerum
464 3308 545 3368 ante
561 3301 744 3368 Noachum
766 3310 886 3369 natum
908 3324 983 3370 esse
1007 3305 1182 3384 existim03
1205 3323 1349 3368 conver·

144 3425 272 3489 susque
290 3404 334 3470 ad
344 3403 543 3489 Iosephum,
560 3404 750 3472 Adduxisti
761 3407 856 3490 mihi,
874 3409 933 3490 ait,
951 3407 1181 3474 erudiendum
1197 3427 1349 3490 puerum

143 3508 319 3592 magistris
345 3507 506 3574 omnibus
532 3508 732 3575 doctiorem.
772 3508 890 3574 Herae
916 3532 1055 3595 quoque
1080 3510 1215 3577 Mariae
1242 3509 1349 3574 dixit:

144 3609 237 3676 Filio
253 3610 336 3675 huic
352 3616 412 3677 tuo
429 3611 527 3677 nulla
542 3612 763 3678 institutione
781 3632 867 3696 opus
885 3618 948 3678 est.

603 3832 724 3901 Csrur
745 3833 883 3902 XLIX.

228 3983 287 4052 Ad
310 3987 417 4053 alium
433 3987 559 4053 deinde
580 3989 783 4073 magistrum
801 3988 993 4055 doctiorem
1014 4011 1092 4055 eum
1109 3972 1351 4056 deduxerunt:

146 4089 206 4171 qui
228 4095 267 4154 ut
289 4110 367 4155 eum
388 4092 584 4174 conspexit,
606 4091 675 4156 Dic
695 4088 829 4176 Aleph,
853 4093 977 4176 inquit.
1018 4090 1175 4177 Cumque
1199 4091 1351 4159 dixisset

214 4265 337 4314 XLVIII.
356 4268 469 4315 intortae
482 4291 490 4302 ·
504 4291 513 4303 ·
532 4268 558 4316 ia
570 4269 667 4332 spiram
679 4268 879 4319 cirmtdoetae:
896 4270 936 4318 ita
948 4268 988 4319 Fl.
1012 4269 1090 4334 Apud
1103 4269 1159 4319 sil.
1174 4274 1217 4320 est
1229 4269 1353 4335 obliquo

147 4377 155 4388 ·
169 4377 177 4388 ·
190 4350 338 4416 duplicatas

214 4452 291 4502 usquo
302 4437 337 4486 ad
351 4436 420 4488 rao:
433 4437 473 4488 ita
484 4437 526 4489 Fl.
551 4438 628 4504 Apud
641 4438 745 4490 Sikium
758 4445 801 4491 est
812 4456 889 4506 uque
901 4440 1022 4507 adfinem
1033 4440 1165 4506 alphabeti
