2962 4912
632 357 836 411 rassrsrro.
1184 376 1332 424 mm

147 516 196 580 cit.
221 510 338 594 Neque
357 509 476 575 desunt
494 509 658 592 quaedam
676 509 824 593 vestigia,
840 509 927 575 unde
946 509 1158 593 concluseris,
1175 508 1332 576 Tischen·

150 623 275 690 dorfium
298 621 339 687 ad
363 620 448 685 hanc
471 621 689 703 posteriorem
714 620 890 687 editionem
920 620 1143 686 adornandam
1168 621 1330 705 fragmen·

151 743 209 801 tum
233 731 315 797 illud
336 732 540 812 parisiense,
572 732 666 816 cujus
693 732 848 797 notitiam
877 733 911 796 in
932 732 1083 816 Prolegg.
1110 755 1141 815 p.
1163 731 1265 799 XLV
1291 757 1331 800 ex

152 844 300 914 Cotelerio
332 850 366 908 et
392 842 534 908 'Philone
565 843 717 909 hausisse
754 864 789 908 se
827 843 1017 926 profitetur,
1054 844 1191 909 suismet
1226 845 1331 927 ipsius

153 957 239 1025 oculis
260 955 499 1038 pervestigasse
523 954 629 1037 (11‚3
652 953 735 1020 med.
758 952 796 1018 b.
818 975 905 1019 nunc
927 955 996 1020 Par
997 1004 1097 1020 .....
1121 957 1232 1020 &molet
1256 957 1329 1039 (cod

154 1070 250 1150 ἑωοίκ)
276 1064 310 1141 ὁ,
339 1065 462 1147 deleto,
485 1066 572 1149 quod
594 1067 629 1129 in
651 1066 760 1148 priore
785 1065 928 1130 editione
953 1073 1031 1147 erat
1055 1068 1237 1153 ἑωοῐΗσεμς
1265 1089 1331 1134 uno

153 1200 230 1245 versu
244 1184 330 1260 post:
354 1180 490 1261 ωαῐζωμ
516 1181 649 1261 (ωέζωμ
670 1176 751 1260 cod),
774 1177 882 1242 deleto
904 1183 1044 1261 mairem
1067 1177 1129 1258 IV,
1147 1183 1161 1243 l
1187 1181 1221 1244 in
1243 1179 1332 1246 linea

153 1296 290 1357 notarum
312 1289 598 1370 antepaenultima
620 1295 654 1353 et
675 1288 878 1371 paenultima
900 1292 1044 1372 τρέχωμ,
1067 1289 1176 1354 deleto
1192 1295 1330 1376 τρέχομ;

152 1403 211 1469 ibid.
227 1399 430 1476 ἆωελεὺσει,
454 1400 563 1466 deleto
586 1399 784 1484 ἇωελεὺσῃ;
807 1400 850 1481 V,
870 1403 884 1463 l
909 1399 992 1464 med.
1007 1400 1134 1466 eddidit
1155 1402 1196 1467 ad
1218 1424 1331 1468 vocem

154 1508 301 1598 prooborp:
329 1512 403 1594 (cod
426 1508 553 1597 μισοῦμ)
577 1519 611 1578 st
632 1514 748 1596 paucis
771 1513 879 1578 verbis
901 1518 977 1577 ante
999 1516 1100 1596 ῑματῐ,
1129 1535 1194 1579 non
1216 1520 1253 1580 ut
1275 1537 1331 1580 an·

152 1626 229 1690 telae
247 1626 304 1708 ῒμα
328 1628 381 1708 τί).
834 1632 836 1636 ‘

218 1738 247 1799 5.
285 1735 341 1799 Ad
365 1737 565 1822 annqelium
598 1738 735 1800 Tbomac
761 1737 804 1800 II
830 1737 872 1819 (h.
896 1758 923 1801 e.
946 1735 1060 1820 latine)
1092 1757 1196 1801 novus
1227 1735 1332 1802 codex

148 1868 200 1912 non
234 1846 278 1911 ad
314 1867 432 1912 manus
468 1846 570 1913 fuisse
607 1847 755 1930 videtur3
791 1850 912 1914 etenim
951 1849 1005 1913 vix
1042 1846 1221 1931 quidquam
1257 1847 1333 1912 novi

146 1958 226 2024 nobis
250 1958 410 2040 occurrit,
436 1958 501 2023 nisi
525 1957 614 2042 quod
635 1980 698 2041 pro
721 1959 965 2025 necessitudine
989 1959 1165 2041 Evangelii
1187 1956 1332 2023 Thomae

144 2071 227 2135 latini
257 2090 333 2134 cum
360 2069 680 2136 Pseudo-Matthaei
708 2071 879 2155 evangelio
910 2071 981 2152 illa,
1013 2091 1098 2154 quae
1126 2092 1144 2134 e
1173 2071 1283 2134 codice
1312 2089 1333 2133 n

143 2182 177 2263 (b
205 2203 231 2246 e.
260 2180 580 2247 Pseudo-Matthaei
608 2181 852 2264 Laurentiano,
883 2205 910 2246 v.
925 2181 1090 2266 'Prolegg.
1117 2181 1158 2247 ad
1189 2181 1333 2264 priorem

141 2293 222 2376 edp.
232 2291 415 2377 XXVIII)
441 2299 499 2357 aut
516 2315 534 2359 e
549 2292 663 2391 codice
678 2314 701 2358 n
718 2294 761 2377 (h.
776 2315 803 2358 e.
818 2294 924 2359 altero
939 2292 1252 2360 Pseudo-Matthaei
1268 2291 1333 2356 Pa·

138 2405 275 2489 risiensi)
299 2403 497 2469 conferenda
519 2426 591 2471 esse
608 2404 808 2487 riderentur,
831 2405 865 2469 in
887 2404 950 2470 hac
972 2405 1078 2470 alters
1101 2404 1242 2470 editione
1266 2424 1334 2469 non

138 2524 263 2582 tantum
300 2515 476 2599 indicavit,
514 2516 571 2580 sed
602 2517 732 2599 saepius
769 2521 868 2599 atque
899 2516 1033 2583 uberius
1065 2538 1163 2600 quam
1195 2515 1335 2581 antehac

138 2628 293 2695 verbatim
323 2628 447 2692 attulit.
501 2626 657 2694 Ceterum
684 2633 821 2710 propter
849 2649 994 2693 errorem
1021 2626 1185 2712 quendam
1216 2627 1335 2692 calami

137 2737 418 2804 Tischendorfiani
445 2738 534 2804 haud
561 2739 622 2803 abs
649 2760 685 2803 re
715 2740 779 2804 erit
806 2759 940 2804 monere
966 2738 1113 2804 codicem
1135 2760 1158 2803 n
1181 2743 1219 2823 (e.
1241 2760 1271 2821 g.
1293 2737 1335 2803 ad

136 2873 202 2934 cap.
224 2849 254 2933 I,
278 2853 310 2934 4)
342 2849 482 2915 eundem
512 2872 582 2915 csse
609 2871 683 2914 cum
710 2850 770 2914 illo
795 2850 874 2932 „cod
896 2851 994 2930 Par“,
1028 2873 1067 2915 ex
1095 2872 1161 2933 quo
1191 2871 1216 2914 e.
1240 2872 1269 2934 g.
1292 2848 1335 2914 ad

138 2985 204 3046 cap.
226 2961 296 3043 111,
322 2965 337 3026 l
361 2961 538 3027 historiola
561 2960 722 3044 quaedam
745 2960 861 3026 similis
884 2960 1042 3026 adfertur.

217 3077 247 3139 6.
282 3073 340 3138 Ad
363 3078 441 3138 Acta
464 3074 565 3137 Pilati
585 3074 616 3138 A
640 3072 742 3138 codex
763 3073 821 3138 ille
844 3072 1045 3137 Parisiensis
1067 3092 1090 3136 n
1118 3076 1216 3155 (num.
1238 3073 1335 3152 1021;

138 3207 215 3251 saec.
233 3184 328 3270 XV),
349 3206 389 3250 ex
413 3205 477 3267 quo
501 3188 540 3267 (v,
555 3184 687 3266 Proleg.
709 3183 752 3248 ad
774 3185 920 3266 priorem
942 3182 991 3249 ed.
1014 3204 1045 3266 p.
1068 3181 1205 3266 LXXI)
1234 3180 1333 3247 Thilo

138 3319 185 3379 ea,
212 3318 300 3382 quae
324 3297 379 3362 hic
408 3317 478 3379 cap.
499 3293 657 3363 I--VHI
680 3296 903 3377 continentur,
931 3293 1094 3376 ediderat,
1123 3292 1209 3358 unde
1231 3291 1269 3356 Τ.
1293 3291 1335 3358 ad

140 3408 254 3492 prioris
272 3408 429 3473 editionis
450 3407 724 3472 commentarium
746 3406 866 3470 multas
882 3405 1042 3470 lectiones
1057 3404 1227 3486 adsumsit,
1247 3424 1334 3468 nunc

113 3519 202 3602 ‚ipse
225 3540 246 3584 a
268 3517 518 3583 Tischendorfio
541 3521 722 3600 usurpatus
746 3523 808 3598 est,
836 3515 893 3582 sed
921 3516 1004 3581 nihil
1032 3515 1108 3580 inde
1132 3514 1262 3580 fructus
1284 3536 1334 3579 re-

138 3628 307 3710 dundavit,
335 3628 399 3694 nisi
421 3635 460 3693 ut
481 3628 605 3712 passim
629 3628 683 3712 (ad
704 3627 733 3711 I,
758 3632 790 3708 1;
812 3625 920 3708 VIII;
944 3625 1011 3710 IX)
1035 3627 1213 3692 varietates
1237 3647 1334 3708 quae·

138 3740 207 3807 dam
235 3762 305 3807 non
331 3746 401 3806 tam
423 3740 598 3806 verborum
621 3762 722 3823 quam
750 3761 860 3805 rerum
889 3737 1061 3821 darentur,
1093 3737 1128 3801 id
1156 3736 1242 3819 quod
1270 3735 1334 3801 ior-

138 3860 220 3918 tasse
248 3857 428 3935 propterea
456 3852 580 3917 iactum
609 3858 674 3933 est,
703 3852 794 3934 quia,
822 3856 859 3915 ut
881 3849 918 3915 Τ.
942 3851 975 3914 in
998 3849 1150 3932 Prolegg.
1177 3870 1207 3931 p.
1229 3846 1336 3912 LXX

138 3961 220 4043 licie
245 3962 350 4028 codex
373 3963 437 4029 iste
459 3984 482 4028 1>
504 3963 590 4027 mira
611 3961 739 4026 ratione
763 3961 1011 4043 compilatorem
1033 3960 1110 4045 agit.
1137 3957 1235 4024 Illius
1257 3978 1335 4023 vero

138 4075 272 4154 codicis,
309 4074 344 4138 in
376 4095 442 4157 quo
474 4074 559 4138 haec
590 4073 663 4155 ipsa
691 4072 782 4137 Acta
812 4070 915 4135 Pilati
949 4071 1078 4152 coptice
1107 4072 1278 4154 leguntur,
1316 4089 1337 4133 a

138 4185 299 4270 Peyronio
330 4183 412 4248 editi
442 4189 476 4248 et
504 4185 539 4248 in
567 4184 709 4248 latinum
737 4202 920 4247 sermonem
951 4181 1101 4247 conversi
1126 4203 1225 4264 quum
1253 4179 1336 4244 duas

138 4294 361 4363 tantummodo
400 4302 511 4378 partes
542 4290 790 4370 Tischendorfio
831 4313 869 4357 eo
908 4298 1057 4375 tempore
1090 4312 1153 4374 quo
1190 4293 1335 4374 priorem

139 4407 312 4474 editionem
343 4405 485 4488 parabat
515 4404 700 4472 exscribere
732 4402 896 4485 licuisset,
934 4423 1022 4467 nunc
1058 4406 1164 4467 totam
1198 4401 1333 4467 latinam
