3000 4912
149 289 210 352 188
318 288 553 340 amancium
572 288 764 339 INFANTIAE
783 286 974 339 emarcum.
1002 287 1072 339 xv1.
1092 288 1180 339 XVII.

148 439 272 505 laudes
295 446 330 504 et
351 444 467 522 grates
490 439 571 523 egit.
613 437 758 503 Incolae
781 444 898 504 autem
920 439 995 503 eius
1018 437 1139 522 oppidi
1160 437 1224 503 illa
1249 443 1354 505 nocte

148 542 275 627 gaudio
293 541 528 625 exsultarunt,
549 563 590 606 ac
607 540 710 606 deum
726 541 942 625 angelosque
960 542 1036 606 eius
1054 541 1099 606 ad
1116 561 1192 606 sese
1211 541 1357 607 descen·

149 646 242 711 disse
258 650 438 728 putarunt.
868 651 874 660 '

621 813 743 881 Csuun
766 813 868 883 XVI.

233 985 404 1051 Triduum
421 986 470 1050 ibi
487 986 733 1068 substiterunt,
750 988 786 1051 in
804 985 936 1052 honore
953 985 1065 1051 habiti
1082 992 1117 1051 et
1131 986 1228 1052 laute
1239 987 1355 1052 riven-

148 1098 212 1155 tes.
252 1089 392 1158 Viatico
411 1087 538 1153 deinde
555 1089 721 1154 instructi
737 1089 780 1154 ab
797 1088 870 1155 illis
887 1088 1128 1154 discesserunt
1144 1095 1178 1154 et
1194 1092 1231 1154 in
1248 1090 1354 1155 aliam

149 1192 270 1257 urbem
292 1198 541 1275 pervenerunt,
568 1192 605 1256 in
628 1213 712 1275 qua,
739 1192 832 1276 quod
857 1191 1057 1257 hominibus
1079 1192 1246 1274 frequens
1268 1199 1354 1274 erat,

148 1300 355 1379 pernoctare
382 1295 591 1377 cogitarunt.
627 1293 716 1359 Erat
739 1315 819 1359 vero
845 1294 882 1358 in
908 1314 949 1358 ea
974 1293 1060 1358 urbe
1082 1295 1210 1359 mulier
1231 1296 1354 1378 proba,

149 1419 237 1481 quae
260 1420 337 1462 cum
359 1395 549 1479 aliquando
573 1396 723 1461 lavatum
744 1396 788 1462 ad
805 1396 932 1462 fiumen
952 1397 1088 1479 ivisset,
1112 1419 1193 1464 ecce
1211 1405 1355 1464 satanas

147 1499 356 1567 maledictus
378 1499 415 1562 in
437 1498 549 1563 forma
570 1500 746 1583 serpentis
771 1499 958 1565 insiluerat
984 1500 1020 1564 in
1044 1521 1119 1566 eam
1140 1508 1176 1566 et
1196 1507 1355 1568 ventrem

149 1607 225 1671 eius
237 1602 574 1687 circumplicaverat3
592 1604 731 1686 quoties
748 1608 864 1669 autem
876 1625 944 1669 nox
954 1604 1152 1688 ingruebat,
1169 1607 1354 1689 tyrannice

149 1729 224 1773 eam
247 1706 403 1771 vexabat.
445 1705 546 1771 Haec
565 1707 692 1772 mulier
714 1708 917 1790 conspicata
936 1706 1056 1773 heram
1078 1708 1253 1774 dominam
1278 1709 1356 1775 Ma·

148 1815 235 1879 riam
252 1819 287 1879 et
303 1812 481 1877 dominum
498 1809 678 1877 Christum
693 1812 865 1892 infantem
881 1814 917 1877 in
935 1814 1013 1878 siuu
1031 1813 1118 1896 eius,
1141 1812 1245 1878 huius
1262 1812 1356 1878 desi·

149 1918 247 1983 derio
269 1915 395 1981 affecta
415 1916 519 1981 herae
544 1914 704 1979 dominae
726 1913 987 1980 Mariaedixit:
1026 1913 1055 1981 Ο
1078 1914 1175 1996 hera,
1200 1914 1245 1979 da
1266 1914 1354 1980 mihi

148 2021 242 2085 hunc
257 2019 428 2084 infantem
445 2025 484 2083 ut
500 2040 579 2083 eum
595 2024 728 2102 gestem
746 2024 781 2083 et
797 2018 991 2084 deosculer.
1021 2018 1133 2084 Dedit
1147 2019 1257 2101 igitur
1273 2040 1355 2084 eum

149 2123 301 2189 mulieri:
323 2121 480 2205 adquam
496 2142 574 2186 cum
590 2119 751 2187 admotus
769 2128 872 2202 esset,
891 2122 1024 2187 dimisit
1040 2143 1115 2187 eam
1130 2121 1192 2186 ille
1210 2128 1354 2188 satanas

150 2234 186 2293 et
200 2225 340 2310 fugiens
359 2245 434 2290 eam
449 2225 606 2308 reliquit,
623 2244 737 2308 neque
754 2246 908 2307 unquam
924 2233 1005 2308 post
1021 2225 1113 2290 hunc
1124 2224 1215 2290 diem
1225 2225 1355 2291 mulier

149 2330 249 2395 illum
265 2328 362 2394 vidit.
396 2327 511 2412 Quare
535 2349 654 2393 omues
675 2328 734 2410 qui
755 2326 903 2393 aderant
923 2351 1093 2394 summum
1110 2328 1212 2394 deum
1232 2328 1355 2395 lauda·

150 2438 243 2515 runt,
261 2439 297 2496 et
311 2430 437 2496 mulier
451 2432 521 2496 ista
537 2430 733 2496 liberaliter
748 2431 792 2495 iis
808 2431 997 2496 benefecit.

617 2650 738 2718 emur
761 2651 883 2722 XVII.

233 2824 382 2890 Postero
409 2823 465 2888 die
495 2823 616 2889 eadem
641 2825 769 2890 mulier
798 2844 924 2906 aquam
953 2823 1132 2890 odoratam
1158 2826 1285 2891 sumsit
1313 2831 1353 2892 ut

150 2928 329 2993 dominum
345 2926 465 2991 Iesum
481 2925 628 3006 lavaret3
651 2948 719 3010 quo
736 2926 808 2991 loto
826 2947 951 3010 aquam
967 2927 1063 2992 illam
1081 2950 1149 3012 qua
1165 2928 1202 2993 id
1217 2929 1353 2994 fecerat

149 3032 284 3114 recepit
300 3030 446 3113 eiusque
463 3035 597 3112 partem
616 3031 652 3094 in
669 3030 822 3114 puellam
839 3029 889 3094 ibi
905 3030 1136 3112 habitantem,
1160 3031 1261 3096 cuius
1278 3052 1352 3097 cor·

148 3155 214 3216 pus
240 3133 338 3216 lepra
362 3132 479 3197 album
505 3138 596 3212 erat,
624 3131 749 3197 effudit
772 3131 938 3215 illamque
965 3153 1007 3198 ea
1031 3133 1128 3198 lavit:
1161 3154 1230 3217 quo
1257 3133 1351 3200 facto

147 3236 268 3320 puella
284 3235 401 3300 statim
422 3234 557 3316 alepra
572 3240 721 3318 purgata
741 3241 805 3299 est.
841 3232 1020 3319 Oppidani
1043 3243 1158 3302 autem
1179 3237 1240 3302 isti
1258 3236 1352 3302 dixe·

216 3410 274 3461 XV.
293 3410 399 3460 Incolae
411 3415 495 3460 cutem
508 3435 537 3447 ··
546 3415 687 3473 putarunt:
699 3411 739 3461 ite
751 3410 791 3459 rt.
816 3411 893 3474 Apud
907 3411 963 3461 Sik.
976 3416 1005 3462 et
1016 3412 1087 3461 Thil.
1100 3418 1143 3463 eet
1155 3411 1255 3475 Mopso
1266 3413 1354 3476 itaque

147 3501 196 3548 bue
207 3503 280 3547 noete
292 3497 394 3547 matie
406 3496 474 3545 iuter
483 3496 549 3545 cives
561 3497 615 3544 eius
626 3496 715 3558 oppidi
727 3496 866 3553 oriebatur,
879 3497 943 3546 adeo
954 3501 983 3546 al
993 3502 1117 3561 palmet
1125 3498 1198 3546 deum
1209 3502 1236 3548 et
1247 3498 1353 3562 (Μυραῖοι

148 3586 202 3634 eius
217 3584 252 3633 ad
263 3598 316 3632 sese
327 3581 493 3631 descendisse.

218 3668 288 3718 xvl.
305 3666 399 3717 mulier
406 3667 504 3730 proba:
516 3667 556 3716 its
568 3665 624 3726 ΕΜ
638 3662 695 3716 Sili.
708 3669 737 3716 et
749 3666 819 3715 Thil.
831 3666 924 3716 mulier
935 3667 1029 3717 nobilis

217 3754 314 3819 quoties
326 3757 409 3802 actem
422 3778 429 3788 -
444 3777 452 3788 ·
466 3751 587 3800 necabat.-
599 3751 638 3801 ite
651 3751 705 3810 rte
723 3750 779 3801 Silr.
792 3755 821 3802 et
833 3751 903 3801 Thil.
916 3753 1072 3818 maculaque
1083 3753 1199 3803 noctibas
1210 3769 1288 3817 super
1301 3753 1351 3802 ills

149 3857 175 3889 se
187 3839 337 3889 extendebat

216 3926 290 3974 laius
301 3923 427 3972 desiderio
439 3922 534 3989 affecto
544 3922 622 3971 berae
633 3922 750 3970 misae
762 3947 771 3958 ·
782 3946 791 3958 ·
804 3923 950 3972 deosculer:
963 3925 1003 3973 ita
1015 3923 1054 3972 Fl.
1076 3923 1154 3987 Apud
1168 3923 1223 3973 sik.
1238 3927 1267 3974 et
1279 3924 1350 3974 Thil.

147 4015 190 4061 est
202 4010 312 4074 repebat
322 4010 409 4058 huam
420 4008 546 4057 demissam
559 4006 674 4057 Mariam
686 4011 715 4055 ct
726 4007 776 4056 sibi
786 4008 911 4073 infantem
922 4009 988 4059 lune
998 4010 1148 4073 pectendum
1164 4013 1190 4059 et
1201 4009 1350 4060 maculos-

148 4097 207 4144 dum
219 4095 336 4144 traderet

215 4180 300 4230 XVII.
320 4194 368 4244 qao
381 4179 434 4228 loto
446 4203 455 4216 ·
469 4205 478 4216 ·
486 4186 604 4246 perpete
616 4185 667 4237 est,-
685 4182 725 4231 ita
738 4181 777 4230 rl.
802 4181 875 4230 Heec
893 4181 964 4246 apud
978 4181 1031 4231 Sic.
1050 4190 1078 4231 et
1091 4182 1161 4231 Thil.
1180 4183 1219 4231 sie
1232 4181 1349 4232 habent:

147 4283 224 4331 eoque
237 4266 290 4315 loto
302 4281 394 4329 equom
407 4264 480 4313 illam
489 4282 567 4330 penes
579 4283 606 4316 se
617 4267 766 4315 reservavit.
791 4266 910 4331 Eratque
921 4266 957 4315 iti
967 4266 1069 4329 puella,
1088 4267 1159 4315 euius
1170 4283 1264 4332 corpas
1276 4267 1351 4333 lepra

147 4351 232 4401 allium
243 4355 313 4408 eran
326 4364 454 4415 quaecum
466 4365 535 4415 aqua
546 4353 595 4400 bae
600 4352 801 4417 perfunderetur
813 4355 839 4401 et
848 4350 989 4410 lauaem,
1002 4353 1187 4418 madalafeit
1198 4369 1230 4402 ea
1240 4358 1351 4417 ternpore

147 4437 311 4501 asprum
