2962 4912
590 326 862 377 raonscounus.
1212 345 1330 391 mm

221 476 265 540 ὅτι
289 478 490 560 γέγραωται
508 475 798 561 Ἐωικατάρατοσ
819 473 900 541 ωᾶσ
921 477 1025 558 XVI,
1048 480 1077 543 4.
1102 477 1244 561 denique
1266 473 1329 542 τοῦ

216 586 403 671 ψυλὰσσειμ
426 587 495 671 rdo
518 586 670 671 ἑμτολὰσ
693 584 800 652 αὐτοῦ
822 610 925 672 usque
948 584 1021 674 τῶμ
1044 588 1197 675 αἷώμωμ·
1222 587 1317 675 ἆμήμ.

406 697 463 763 Ad
483 698 544 764 hos
568 696 699 764 codices
721 721 859 784 graecos
882 701 1044 766 accedunt

145 825 203 889 caps
215 813 270 876 ie.
286 810 367 877 folia
380 831 568 894 papyracea
584 812 714 893 coptica
729 812 853 877 saeculi
867 813 937 878 fere
946 812 987 879 V.
1011 812 1330 897 Interpretationem

213 922 311 986 huius
333 926 445 986 textus
467 942 595 986 mecum
617 923 879 1005 communicavit,
897 915 980 988 'dum
1001 924 1141 990 Taurini
1162 925 1329 1006 versabar,

214 1033 369 1097 celeberr.
384 1032 527 1116 Peyron.
564 1033 648 1098 Inde
664 1033 896 1117 descripsimus
919 1035 962 1100 ab
984 1035 1080 1102 initio
1096 1057 1202 1121 nsque
1216 1037 1329 1122 Epres·

211 1167 263 1208 sus
284 1155 329 1208 est
348 1168 464 1224 cursor,
488 1168 613 1230 cumque
635 1151 805 1231 cqnevisset
825 1147 925 1210 Iesum
948 1149 1092 1212 admavit
1111 1171 1178 1212 eum
1200 1166 1329 1213 rursus·

212 1276 276 1338 que
299 1278 320 1321 a
342 1256 453 1320 verbis
475 1279 580 1319 ocrem
600 1260 715 1321 uidistis
730 1258 829 1321 Iemm
851 1261 995 1322 sedentem
1019 1263 1050 1322 in
1070 1270 1168 1323 monte
1181 1261 1329 1324 Mcbrecls

210 1388 317 1450 usque
334 1365 441 1432 finem.
484 1366 631 1451 Reliqua
652 1388 756 1451 nuper
778 1390 839 1451 per
859 1369 989 1435 litteras
1010 1371 1137 1453 petenti
1152 1391 1219 1435 non
1235 1371 1330 1436 satis·

210 1478 337 1543 factum
359 1484 421 1545 est.

191 1589 351 1655 Eiusdem
380 1590 450 1655 fere
479 1611 552 1654 cum
579 1611 705 1673 papyro
728 1597 827 1673 copto
850 1593 1026 1658 vetustatis
1049 1599 1101 1658 est
1122 1593 1226 1659 codex
1248 1593 1330 1660 Vin·

136 1703 328 1769 dobonensis
350 1701 597 1785 palimpsestus‚
626 1704 719 1767 cuius
741 1701 924 1786 fragmenta
949 1705 1078 1786 aliquot
1102 1705 1262 1783 eruimus,
1289 1704 1330 1768 de

135 1815 246 1898 quibus
268 1812 310 1879 ad
332 1814 474 1878 latinum
497 1813 679 1881 Gestorum
706 1820 834 1878 textum
856 1814 938 1880 vide.
982 1815 1112 1880 Ibidem
1141 1816 1329 1882 accuratius

136 1925 255 1991 dicetur
284 1925 325 1989 de
355 1923 470 1990 latinis
501 1924 669 1990 codicibus
699 1936 793 1999 (smus
815 1936 880 1988 con
903 1939 968 1989 usn·
991 1939 1061 1989 ress
1084 1939 1147 1989 nior
1169 1939 1236 1989 vsu
1259 1939 1329 2003 ven)

139 2039 227 2103 etium
250 2036 292 2102 ad
314 2057 471 2119 graecum
494 2037 766 2101 commentarium
788 2038 913 2119 passim
936 2037 1104 2103 adhibitis.

217 2150 353 2214 amando
381 2149 445 2212 loco
471 2147 511 2212 de
535 2148 703 2213 codicibus
725 2148 900 2212 dicendum
923 2156 975 2213 est
997 2148 1084 2215 unde
1106 2151 1206 2232 primi
1230 2149 1330 2214 edidi·

142 2281 204 2326 mus
224 2258 387 2340 Gesta1)
411 2259 540 2324 Pilati
564 2280 706 2342 graece
728 2258 767 2324 B.

178 2371 276 2436 sie.
299 2369 451 2437 Venetus
472 2369 665 2434 Marcianus
690 2370 785 2435 class.
805 2369 854 2434 H.
878 2369 948 2435 cod.
970 2370 1057 2437 CLI.
1099 2371 1190 2436 Satis
1214 2392 1329 2437 recens

215 2482 314 2564 est¹),
346 2481 404 2546 sed
431 2481 464 2545 in
490 2478 654 2546 Sinaitico
681 2487 794 2547 monte
823 2483 976 2564 scriptus.
1021 2482 1143 2548 Totum
1172 2489 1328 2548 accurate

216 2593 509 2675 transscripsimus.

184 2706 236 2770 ni.
252 2727 277 2769 e.
299 2704 406 2770 Paris.
427 2703 510 2787 Reg.
532 2725 621 2769 nunc
643 2702 722 2769 Nat.
745 2706 817 2769 808.
840 2706 965 2769 saeculi
987 2705 1068 2772 XV.
1093 2704 1258 2786 (Philonis
1281 2714 1328 2788 n).

217 2815 313 2880 Hunc
335 2821 462 2880 textum
486 2835 526 2879 ex
541 2813 692 2881 'Philonis
715 2817 951 2882 commentario
970 2817 1160 2897 sumsimus;
1183 2816 1328 2882 diversas

218 2927 301 2992 euim
323 2927 421 2992 huius
443 2926 646 2992 recensionis
668 2930 781 3009 partes
803 2931 935 2991 tantum
957 2948 1023 2991 non
1047 2948 1160 2993 omnes
1183 2928 1226 2993 ad
1245 2951 1329 2993 mar·

218 3039 321 3122 ginem
345 3037 529 3119 descripsit.

187 3151 274 3215 cie.
289 3148 375 3216 Ven.
393 3148 498 3213 Marc.
521 3147 616 3213 class.
638 3147 686 3212 II.
710 3149 780 3214 cod
802 3148 1030 3216 LXXXVII.
1052 3150 1131 3215 olim
1152 3149 1328 3216 Nanianus

218 3260 307 3326 CIX.
330 3260 454 3325 saeculi
469 3258 549 3326 XV.
572 3259 677 3324 Plura
699 3260 776 3324 inde
797 3260 907 3326 studio
928 3261 1074 3325 Morellii
1096 3262 1217 3326 hausta
1241 3260 1328 3342 (ride

218 3379 303 3454 ante)
327 3373 394 3437 iam
409 3371 508 3437 Thilo
530 3373 715 3453 composuit
735 3392 809 3435 eum
824 3376 918 3437 textu
935 3372 1057 3438 codicis
1072 3393 1103 3437 Β.
1139 3371 1211 3437 Nos
1227 3374 1328 3438 etiam

216 3483 298 3548 bunc
320 3489 448 3548 textum
471 3504 512 3547 ex
535 3482 647 3547 codice
669 3487 778 3548 totum
801 3484 1095 3566 transscripsimus.

205 3598 293 3660 Tertii
306 3594 419 3675 libelli,
441 3594 462 3659 i.
479 3615 506 3661 e.
521 3593 750 3660 Descensus
766 3593 924 3660 Christi
947 3596 993 3661 ad
1008 3595 1160 3660 inferos
1175 3615 1329 3679 graece,

151 3705 347 3772 instrumenta
369 3706 486 3770 critica
508 3706 591 3770 haec
613 3705 798 3770 habuimus

180 3839 198 3882 s
215 3819 233 3882 i.
249 3839 275 3883 e.
291 3816 409 3884 Venet.
419 3815 523 3881 Marc.
540 3816 633 3881 class.
643 3815 778 3911 II.·cod.
789 3815 875 3881 CLI.
903 3815 985 3883 Vide
1001 3816 1112 3899 paullo
1128 3822 1206 3882 ante
1222 3817 1283 3882 sub
1298 3838 1329 3882 s.

215 3929 334 3995 Totum
356 3928 651 4010 transscripsimus.

212 4138 233 4202 ι)
251 4140 284 4191 ln
303 4142 422 4206 mssffl'ne
441 4140 578 4206 superiore
596 4142 714 4205 positum
732 4145 776 4189 est
790 4141 872 4189 Acts
885 4138 1001 4188 Pilstl.
1040 4137 1094 4189 Sed
1113 4138 1229 4189 debebst
1247 4138 1328 4187 slter·

142 4232 215 4278 nuans
233 4232 393 4278 constantes
412 4226 487 4291 poni.

211 4307 234 4372 ²)
252 4311 286 4362 In
306 4311 430 4376 catalogo
450 4309 571 4360 codicum
586 4310 770 4360 Nsnisnornm
789 4324 850 4374 pag.
865 4309 928 4364 Μ.
943 4308 992 4358 snb
1005 4305 1071 4358 CCX
1084 4323 1116 4358 ex
1129 4307 1327 4371 subscriptione

138 4397 225 4446 sssenli
243 4395 353 4460 septimi
372 4395 470 4445 decimi
489 4409 548 4445 ssss
568 4393 676 4443 dicitnr.
714 4391 798 4450 Qnsm
816 4393 947 4458 tcmporis
966 4397 1058 4442 notssn
1076 4405 1131 4441 nou
1148 4391 1302 4457 recognovi.
