2962 4912
363 320 565 373 anscausus
584 321 727 374 cssrsrr
744 325 791 374 sn
810 321 971 373 rursuos
1001 321 1038 373 11.
1057 321 1108 371 111.
1273 315 1336 380 393

132 470 253 536 faciem
282 470 442 536 adventus
469 473 541 538 eius
567 494 765 557 praeparare
793 473 972 555 visseins,
1003 470 1210 537 addendam
1233 470 1337 535 scien·

132 571 217 637 tiam
248 573 364 637 salutis
394 573 483 656 plebi
515 575 586 640 eius
616 575 651 640 in
683 575 910 641 remissionem
946 578 1158 656 peccatorum
1195 571 1337 636 illorum.

133 675 181 740 nt
210 676 325 742 ridens
357 699 430 743 eum
462 680 648 744 venientem
685 681 727 745 ad
757 701 809 744 me
841 679 1029 760 compulsus
1065 678 1185 760 spiritu
1221 680 1337 739 sancto

133 779 220 846 dixi:
251 781 342 846 Ecce
370 803 475 863 agnus
498 783 565 866 dei,
594 804 671 848 ecce
693 783 751 865 qui
773 783 863 848 tollit
885 788 1025 864 peccata
1045 781 1168 847 mundi.
1212 781 1260 845 Et
1280 779 1337 844 ba·

133 883 259 964 ptizavi
281 906 356 949 eum
383 886 418 950 in
444 884 580 950 flumine
603 885 767 969 iordanis,
790 892 824 950 et
845 885 913 950 vidi
937 885 1089 967 spiritum
1112 889 1261 949 sanctum
1286 881 1339 946 de·

133 986 348 1053 scendentem
379 1009 479 1071 super
510 1010 585 1053 eum
613 990 648 1053 in
676 991 786 1072 specie
809 989 994 1069 columbae,
1025 995 1060 1053 et
1087 986 1197 1054 audivi
1225 1005 1338 1052 vocem

133 1087 175 1153 de
204 1090 305 1154 caelis
327 1090 504 1156 dicentem:
535 1091 604 1155 Hic
627 1097 678 1155 est
700 1090 789 1155 filius
810 1112 903 1156 meus
927 1090 1080 1172 dilectus,
1108 1089 1143 1153 in
1167 1108 1232 1171 quo
1253 1088 1337 1152 bene

134 1190 330 1274 complacui.
372 1192 419 1257 m
446 1214 534 1258 nunc
562 1194 687 1275 praeivi
711 1199 788 1258 ante
810 1193 928 1258 faciem
952 1194 1023 1258 eius
1047 1198 1080 1258 et
1102 1189 1258 1256 descendi
1281 1210 1337 1254 an·

134 1295 289 1360 nuntiare
316 1296 411 1360 vobis
432 1298 512 1378 quia
542 1297 576 1361 in
607 1296 757 1379 proximo
790 1302 840 1360 est
871 1296 1007 1360 visitare
1038 1315 1098 1359 nos
1128 1294 1199 1376 ipse
1228 1293 1338 1357 oriens

136 1397 224 1463 filius
241 1398 294 1464 dei
316 1420 356 1464 ex
376 1400 444 1466 alto
460 1401 602 1483 veniens
626 1399 817 1465 sedentibus
837 1400 935 1464 nobis
954 1399 1151 1465 intenebris
1167 1403 1201 1463 et
1222 1397 1341 1461 umbra

136 1504 261 1568 mortis.
307 1554 308 1558 ,

550 1693 668 1759 Carus
691 1691 762 1758 ΠΙ.
797 1691 925 1777 (ΧΙΧ.)

222 1845 366 1910 Etcum
391 1847 472 1912 haec
495 1845 642 1913 audisset
670 1848 897 1930 protoplastus
920 1845 1031 1911 Adam
1057 1850 1167 1928 pater,
1200 1844 1280 1927 quia
1306 1844 1340 1906 in

138 1944 282 2012 Iordane
306 1947 497 2030 baptizatus
520 1954 570 2013 est
591 1949 696 2031 Iesus
719 1949 916 2015 exclamavit
938 1948 980 2013 ad
1001 1945 1104 2012 filium
1128 1967 1223 2011 suum
1245 1945 1339 2013 Seth:

137 2048 271 2114 Enarra
297 2048 375 2114 filiis
403 2051 471 2114 tuis
497 2052 700 2134 patriarchis
728 2057 762 2116 et
789 2051 962 2134 prophetis
990 2051 1101 2114 omnia
1124 2069 1210 2132 quae
1233 2069 1254 2114 a
1275 2047 1341 2114 Mi·

137 2150 249 2216 chaele
278 2152 478 2235 archangelo
506 2153 644 2234 audisti,
675 2154 808 2237 quando
830 2159 863 2218 te
886 2152 1056 2218 transmisi
1079 2151 1122 2217 ad
1144 2158 1261 2235 portas
1283 2173 1341 2235 pa·

137 2253 255 2336 radisi‚
287 2261 324 2318 ut
352 2255 579 2338 deprecareris
607 2256 705 2321 deum
728 2261 894 2339 quatenus
922 2254 1168 2319 transmitteret
1194 2254 1257 2318 tibi
1284 2276 1341 2320 an·

137 2356 246 2439 gelum
270 2378 365 2420 suum
389 2363 426 2421 ut
448 2357 545 2422 daret
567 2357 628 2421 tibi
655 2356 774 2423 oleum'
790 2357 830 2422 de
859 2356 980 2422 arbore
1012 2354 1272 2438 misericordiae,
1303 2363 1342 2420 ut

137 2478 341 2541 perungeres
372 2479 491 2541 corpus
523 2480 647 2540 meum,
680 2480 754 2522 cum
785 2479 891 2524 essem
923 2457 1082 2522 infirmus.
1135 2457 1229 2523 Tunc
1260 2458 1342 2523 Seth

138 2562 413 2643 appropinquans
436 2562 561 2626 sanctis
584 2561 785 2643 patriarchis
808 2568 842 2626 et
864 2561 1035 2644 prophetis
1051 2561 1149 2626 dixit:
1172 2561 1244 2643 Ego
1259 2560 1343 2628 Seth

138 2682 212 2727 cum
241 2683 346 2727 essem
373 2684 473 2729 orans
496 2663 664 2729 dominum
692 2663 735 2728 ad
763 2670 877 2746 portae
906 2663 1068 2746 paradisi,
1099 2683 1176 2728 ecce
1204 2662 1342 2748 angelus

138 2764 265 2830 domini
287 2766 434 2832 Michael
462 2767 619 2849 apparuit
646 2764 726 2830 mihi
750 2765 877 2831 dicens:
909 2766 982 2850 Ego
1006 2766 1126 2831 missus
1150 2786 1222 2831 sum
1245 2764 1286 2830 ad
1307 2772 1341 2832 te

139 3034 244 3084 illorum
256 3023 303 3097 (1)(
316 3050 359 3086 om
372 3035 471 3099 illor.).·
490 3037 530 3086 ita
547 3037 628 3087 etium
647 3035 708 3086 edpr
721 3051 793 3100 germ
806 3035 904 3085 omisso
920 3034 992 3084 illor.
1006 3034 1087 3098 (μιν)
1098 3051 1130 3084 zu
1138 3035 1217 3099 geben
1229 3036 1278 3085 dae
1289 3052 1343 3086 m·

138 3126 208 3171 men
220 3123 265 3172 des
275 3125 345 3173 hails
356 3140 452 3190 sepum
464 3124 538 3174 coleh
555 3125 583 3174 in
594 3124 735 3190 carpebam
747 3125 794 3173 der
804 3123 899 3186 saw)
919 3161 925 3174 .
938 3161 945 3174 .
965 3123 1027 3174 edl'r
1039 3129 1098 3174 aare
1110 3124 1170 3188 sac.
1184 3125 1281 3174 danim
1294 3141 1343 3189 pa·

138 3224 202 3258 rare
219 3210 276 3259 ciac
293 3212 347 3260 eiua
361 3209 366 3274 Ι
381 3212 421 3261 Et
437 3212 526 3262 cidem
543 3227 598 3261 eum
616 3227 674 3261 cum
692 3200 727 3261 1)(
741 3210 802 3261 edpr
820 3210 882 3261 edl’r
900 3226 973 3276 germ
995 3246 1025 3261 ..
1047 3209 1094 3261 θ’(
1112 3217 1137 3261 et
1154 3226 1199 3275 epo
1218 3211 1345 3263 rosam

138 3295 229 3345 cidens
240 3300 323 3346 Imm
337 3303 342 3355 1
357 3314 412 3347 ven.
426 3300 460 3347 ad
477 3315 516 3348 me
535 3333 564 3348 ..
584 3298 617 3348 1)(
636 3297 688 3348 odd
708 3298 836 3362 baptizari
850 3297 855 3362 Ι
870 3298 1013 3363 compulsu-r
1031 3297 1075 3357 (1)(
1092 3301 1118 3346 et
1136 3296 1228 3362 comp.)
1246 3314 1285 3362 op.
1299 3296 1344 3360 (1)·

139 3395 194 3428 um
212 3396 229 3428 a
246 3379 297 3446 tp.)
315 3398 353 3431 aa.
372 3371 419 3442 (1)b
436 3383 488 3432 edd
506 3381 645 3448 consessus)
667 3383 723 3432 diss·
744 3382 789 3445 (1)·
806 3387 831 3432 et
850 3382 901 3444 di.)
920 3398 979 3432 cnm
999 3380 1060 3432 edl'r
1077 3380 1139 3431 edl'r
1156 3395 1228 3445 germ
1247 3381 1344 3447 (sweep

138 3463 206 3512 mich
223 3466 270 3514 der
287 3465 370 3529 hailip
384 3470 462 3531 papst
478 3482 508 3516 au
526 3465 667 3529 cprechen),
686 3468 751 3517 item
769 3467 802 3516 1)(
819 3465 853 3516 1)(
864 3454 899 3516 1)(
915 3465 918 3527 Ι
934 3483 990 3515 ecce
1008 3466 1051 3530 qui
1073 3499 1102 3515 ..
1125 3463 1188 3514 edl’r
1204 3479 1246 3513 om
1263 3481 1319 3514 ecce
1338 3465 1342 3529 Ι

138 3548 172 3596 de
191 3549 268 3598 coelic
286 3566 344 3599 cnm
357 3539 392 3601 Db
406 3550 467 3600 edl’r
480 3586 510 3601 ..
529 3551 619 3602 1)((114
637 3551 706 3601 coelo
722 3550 726 3615 Ι
742 3551 801 3599 bene
819 3565 878 3599 curn
896 3538 931 3599 Db
949 3584 956 3599 .
972 3586 978 3599 .
997 3550 1094 3613 reliqui
1112 3549 1245 3598 milidone
1259 3549 1264 3612 Ι
1280 3566 1343 3600 com·

136 3631 231 3696 placui
248 3649 307 3683 cum
325 3622 535 3701 nb⁰ed1³rgerm
556 3670 585 3684 ..
605 3635 639 3685 1)ι
652 3633 714 3684 edpr
726 3634 779 3684 add
797 3634 878 3697 ipim
896 3634 983 3683 audite
998 3633 1118 3698 lprceioi
1135 3649 1194 3683 curn
1212 3622 1343 3693 nb⁰ed1³¹,

139 3719 207 3768 item
225 3725 252 3770 ot
268 3721 386 3770 &scendi
405 3757 412 3772 .
428 3757 435 3772 .
454 3722 489 3773 1)(
502 3722 656 3785 praeviante
673 3737 720 3779 me,
739 3726 796 3770 tum
814 3721 932 3770 descendi
947 3722 952 3779 Ι
967 3723 994 3769 in
1007 3735 1052 3784 pr.
1064 3725 1102 3769 ert
1119 3724 1165 3769 cis.
1177 3736 1224 3770 noe
1235 3719 1279 3782 (1)(
1290 3736 1343 3779 ces,

139 3807 206 3856 item
227 3807 288 3857 edpr
307 3809 392 3874 germ)
411 3826 469 3860 cum
487 3799 620 3861 nbc-edm
639 3845 645 3858 .
665 3808 725 3860 .1)(
747 3809 774 3858 ia
788 3825 832 3874 pr.
849 3809 966 3858 visitavit
986 3807 1102 3872 (corrige
1123 3807 1181 3871 eit)
1199 3824 1244 3858 noc
1265 3811 1269 3867 Ι
1290 3811 1344 3870 ipse

138 3894 227 3943 oriem
242 3895 287 3960 fll.
304 3897 346 3945 dei
368 3896 412 3958 (1)(
430 3904 455 3947 et
475 3899 529 3960 ipse
543 3897 589 3962 fll.
604 3897 644 3945 de.
658 3895 706 3957 eet)
724 3911 756 3945 ea
774 3883 820 3957 (1)(
833 3895 864 3944 ab
881 3895 937 3954 eal)
956 3923 966 3933 ·
983 3894 1035 3942 sed.
1048 3892 1120 3943 nobe
1131 3892 1181 3953 (ita
1200 3894 1282 3943 etiam
1299 3893 1343 3956 1)()

139 4006 150 4017 -
169 3985 195 4028 et
212 3980 291 4029 umor.
305 3985 380 4030 mort.
398 3981 476 4044 (hooc
489 3982 521 4031 1)(
534 3980 590 4044 om)
604 3996 662 4029 cum
675 3969 742 4030 1)((.
758 4013 764 4028 .
781 3977 815 4029 1)·
827 3980 881 4041 ipse
891 3977 1088 4045 filimiusdei
1098 3978 1184 4027 oriens
1195 3992 1226 4026 σω
1237 3975 1292 4026 alto
1303 3994 1344 4027 oe·

138 4065 214 4113 niens
231 4065 265 4113 ad
282 4082 329 4114 noc
346 4067 460 4115 sedenter
476 4068 503 4114 in
520 4071 554 4115 te.
568 4068 593 4114 et
610 4066 637 4114 in
654 4081 681 4114 a.
694 4082 727 4114 m.
748 4098 778 4112 ..
798 4062 860 4114 edpr
872 4080 914 4114 om

228 4159 279 4210 111.
316 4161 354 4210 m
372 4176 426 4209 cam
443 4162 505 4208 haec
523 4192 549 4207 ..
568 4158 616 4209 θ’(
635 4159 695 4208 Cum
712 4163 795 4208 autem
812 4160 874 4207 icccc
889 4160 893 4219 Ι
908 4163 987 4223 pater
1005 4192 1032 4205 ..
1052 4155 1113 4206 edl'r
1126 4155 1188 4206 edl'r
1200 4171 1273 4221 germ
1290 4155 1344 4206 add

138 4249 229 4294 nomer
244 4244 248 4306 Ι
264 4245 336 4294 lem
354 4243 428 4307 (edpr
446 4244 499 4306 om)
518 4277 525 4290 ·
544 4279 550 4293 .
568 4245 602 4295 n⁰
620 4245 675 4309 ipse
685 4243 763 4311 filisa
780 4243 822 4293 dei
837 4240 842 4306 Ι
857 4243 954 4292 audisti
972 4280 979 4293 .
998 4279 1004 4293 .
1023 4241 1085 4292 edl’r
1101 4239 1237 4305 diiiicirtil
1256 4245 1285 4290 ul
1302 4241 1345 4290 de·

138 4345 244 4392 precor.
264 4331 304 4380 de.
324 4334 447 4393 quatenus
471 4329 515 4391 (1)(
533 4329 573 4391 ut)
593 4359 602 4368 ·
620 4334 648 4378 ut
667 4328 711 4391 (1)(
728 4327 764 4390 et)
783 4353 793 4363 ·
815 4327 847 4376 de
865 4327 921 4375 arb.
940 4328 1048 4376 mismo.
1073 4327 1117 4391 (1)(
1135 4327 1213 4376 oilae.
1250 4324 1284 4376 n⁸
1302 4341 1345 4375 om

139 4420 266 4480 quatenus
283 4433 342 4481 usq.
354 4416 478 4480 mame.)
497 4420 526 4466 ut
539 4415 586 4479 (1)(
602 4415 639 4479 et)
657 4444 667 4457 ·
685 4414 802 4482 infimo
819 4448 846 4462 ..
865 4412 927 4464 etlpr
943 4428 992 4478 pro
1009 4411 1066 4463 eho
1083 4413 1185 4463 arboris
1201 4413 1344 4463 misericor·
