<?xml version="1.0" encoding="UTF-8"?>
<!DOCTYPE html PUBLIC "-//W3C//DTD XHTML 1.0 Transitional//EN"
    "http://www.w3.org/TR/xhtml1/DTD/xhtml1-transitional.dtd">
<html xmlns="http://www.w3.org/1999/xhtml" xml:lang="en" lang="en">
 <head>
  <title>
</title>
<meta http-equiv="Content-Type" content="text/html;charset=utf-8" />
  <meta name='ocr-system' content='tesseract 3.04.00' />
  <meta name='ocr-capabilities' content='ocr_page ocr_carea ocr_par ocr_line ocrx_word'/>
</head>
<body>
  <div class='ocr_page' id='page_1' title='image "./evangeliaapocry00tiscgoog_0019.png"; bbox 0 0 2962 4912; ppageno 0'>
   <div class='ocr_carea' id='block_1_1' title="bbox 166 320 901 389">
    <p class='ocr_par' dir='ltr' id='par_1_1' title="bbox 166 320 901 389">
     <span class='ocr_line' id='line_1_1' title="bbox 166 320 901 389; baseline 0 -17"><span class='ocrx_word' id='word_1_1' title='bbox 166 343 228 389; x_wconf 67' lang='lat' dir='ltr'><strong>m</strong></span> <span class='ocrx_word' id='word_1_2' title='bbox 629 320 901 375; x_wconf 79' lang='lat' dir='ltr'><strong>rnocnoomcsa</strong></span> 
     </span>
    </p>
   </div>
   <div class='ocr_carea' id='block_1_2' title="bbox 167 471 1369 1788">
    <p class='ocr_par' dir='ltr' id='par_1_2' title="bbox 167 471 1369 1788">
     <span class='ocr_line' id='line_1_2' title="bbox 167 471 1369 560; baseline -0.006 -17"><span class='ocrx_word' id='word_1_3' title='bbox 167 476 316 543; x_wconf 87' lang='lat' dir='ltr'><strong>scentula</strong></span> <span class='ocrx_word' id='word_1_4' title='bbox 338 471 477 560; x_wconf 80' lang='grc' dir='ltr'>(μεᾶμισ)</span> <span class='ocrx_word' id='word_1_5' title='bbox 500 475 630 541; x_wconf 91' lang='lat' dir='ltr'><strong>Iesaiae</strong></span> <span class='ocrx_word' id='word_1_6' title='bbox 653 480 776 541; x_wconf 88' lang='lat' dir='ltr'><strong>temere</strong></span> <span class='ocrx_word' id='word_1_7' title='bbox 799 474 955 541; x_wconf 78' lang='lat' dir='ltr'><strong>fecissent</strong></span> <span class='ocrx_word' id='word_1_8' title='bbox 974 473 1136 557; x_wconf 81' lang='lat' dir='ltr'><strong>virginem</strong></span> <span class='ocrx_word' id='word_1_9' title='bbox 1155 475 1369 559; x_wconf 82' lang='grc' dir='ltr'>(ωαρθέμοσ),</span> 
     </span>
     <span class='ocr_line' id='line_1_3' title="bbox 169 584 1367 672; baseline -0.003 -19"><span class='ocrx_word' id='word_1_10' title='bbox 169 609 236 672; x_wconf 91' lang='lat' dir='ltr'><strong>qua</strong></span> <span class='ocrx_word' id='word_1_11' title='bbox 258 587 458 653; x_wconf 88' lang='lat' dir='ltr'><strong>Iudaeorum</strong></span> <span class='ocrx_word' id='word_1_12' title='bbox 482 586 716 652; x_wconf 89' lang='lat' dir='ltr'><strong>celebrabatur</strong></span> <span class='ocrx_word' id='word_1_13' title='bbox 738 587 902 652; x_wconf 90' lang='lat' dir='ltr'><strong>calumnia</strong></span> <span class='ocrx_word' id='word_1_14' title='bbox 924 586 964 652; x_wconf 90' lang='lat' dir='ltr'><strong>de</strong></span> <span class='ocrx_word' id='word_1_15' title='bbox 985 585 1065 650; x_wconf 81' lang='lat' dir='ltr'><strong>lesu</strong></span> <span class='ocrx_word' id='word_1_16' title='bbox 1087 584 1154 651; x_wconf 85' lang='lat' dir='ltr'><strong>lilio</strong></span> <span class='ocrx_word' id='word_1_17' title='bbox 1178 585 1367 651; x_wconf 90' lang='lat' dir='ltr'><strong>Pantherae</strong></span> 
     </span>
     <span class='ocr_line' id='line_1_4' title="bbox 167 696 1367 781; baseline -0.001 -18"><span class='ocrx_word' id='word_1_18' title='bbox 167 720 208 764; x_wconf 85' lang='lat' dir='ltr'><strong>ex</strong></span> <span class='ocrx_word' id='word_1_19' title='bbox 229 698 450 764; x_wconf 79' lang='lat' dir='ltr'><strong>fornicatione</strong></span> <span class='ocrx_word' id='word_1_20' title='bbox 472 698 552 777; x_wconf 84' lang='lat' dir='ltr'><strong>nati,</strong></span> <span class='ocrx_word' id='word_1_21' title='bbox 577 719 642 781; x_wconf 91' lang='lat' dir='ltr'><strong>qua</strong></span> <span class='ocrx_word' id='word_1_22' title='bbox 666 697 782 764; x_wconf 83' lang='lat' dir='ltr'><strong>Celsus</strong></span> <span class='ocrx_word' id='word_1_23' title='bbox 805 698 1010 767; x_wconf 82' lang='lat' dir='ltr'><strong>Graecorum</strong></span> <span class='ocrx_word' id='word_1_24' title='bbox 1033 696 1163 762; x_wconf 81' lang='lat' dir='ltr'><strong>fabulas</strong></span> <span class='ocrx_word' id='word_1_25' title='bbox 1187 697 1226 762; x_wconf 91' lang='lat' dir='ltr'><strong>de</strong></span> <span class='ocrx_word' id='word_1_26' title='bbox 1248 696 1367 762; x_wconf 81' lang='lat' dir='ltr'><strong>Danae</strong></span> 
     </span>
     <span class='ocr_line' id='line_1_5' title="bbox 167 807 1367 894; baseline -0.002 -18"><span class='ocrx_word' id='word_1_27' title='bbox 167 810 307 894; x_wconf 86' lang='lat' dir='ltr'><strong>aliisque</strong></span> <span class='ocrx_word' id='word_1_28' title='bbox 323 810 362 875; x_wconf 91' lang='lat' dir='ltr'><strong>de</strong></span> <span class='ocrx_word' id='word_1_29' title='bbox 378 809 505 892; x_wconf 83' lang='lat' dir='ltr'><strong>virgine</strong></span> <span class='ocrx_word' id='word_1_30' title='bbox 524 814 630 874; x_wconf 86' lang='lat' dir='ltr'><strong>matre</strong></span> <span class='ocrx_word' id='word_1_31' title='bbox 649 810 737 875; x_wconf 88' lang='lat' dir='ltr'><strong>natis</strong></span> <span class='ocrx_word' id='word_1_32' title='bbox 754 808 889 875; x_wconf 88' lang='lat' dir='ltr'>ludibrii</span> <span class='ocrx_word' id='word_1_33' title='bbox 912 829 1029 874; x_wconf 84' lang='lat' dir='ltr'><strong>caussa</strong></span> <span class='ocrx_word' id='word_1_34' title='bbox 1051 807 1271 891; x_wconf 92' lang='lat' dir='ltr'><strong>componebat</strong></span> <span class='ocrx_word' id='word_1_35' title='bbox 1293 830 1367 874; x_wconf 85' lang='lat' dir='ltr'><strong>cunr</strong></span> 
     </span>
     <span class='ocr_line' id='line_1_6' title="bbox 168 919 1366 1006; baseline -0.002 -18"><span class='ocrx_word' id='word_1_36' title='bbox 168 922 365 1006; x_wconf 79' lang='lat' dir='ltr'><strong>evangelicis</strong></span> <span class='ocrx_word' id='word_1_37' title='bbox 387 920 635 986; x_wconf 82' lang='lat' dir='ltr'><strong>narrationibus</strong></span> <span class='ocrx_word' id='word_1_38' title='bbox 658 921 698 987; x_wconf 92' lang='lat' dir='ltr'><strong>de</strong></span> <span class='ocrx_word' id='word_1_39' title='bbox 720 921 847 1004; x_wconf 81' lang='lat' dir='ltr'><strong>virgine</strong></span> <span class='ocrx_word' id='word_1_40' title='bbox 869 919 980 985; x_wconf 91' lang='lat' dir='ltr'><strong>Maria</strong></span> <span class='ocrx_word' id='word_1_41' title='bbox 1002 919 1081 985; x_wconf 92' lang='lat' dir='ltr'><strong>Iesu</strong></span> <span class='ocrx_word' id='word_1_42' title='bbox 1103 924 1224 1000; x_wconf 87' lang='lat' dir='ltr'><strong>matrs,</strong></span> <span class='ocrx_word' id='word_1_43' title='bbox 1253 921 1366 986; x_wconf 89' lang='lat' dir='ltr'><strong>eadem</strong></span> 
     </span>
     <span class='ocr_line' id='line_1_7' title="bbox 167 1030 1368 1117; baseline -0.002 -18"><span class='ocrx_word' id='word_1_44' title='bbox 167 1034 286 1117; x_wconf 88' lang='lat' dir='ltr'><strong>pietati</strong></span> <span class='ocrx_word' id='word_1_45' title='bbox 315 1033 400 1098; x_wconf 91' lang='lat' dir='ltr'><strong>male</strong></span> <span class='ocrx_word' id='word_1_46' title='bbox 430 1031 599 1098; x_wconf 87' lang='lat' dir='ltr'><strong>studiosae</strong></span> <span class='ocrx_word' id='word_1_47' title='bbox 628 1034 710 1112; x_wconf 86' lang='lat' dir='ltr'><strong>sire,</strong></span> <span class='ocrx_word' id='word_1_48' title='bbox 737 1037 775 1096; x_wconf 90' lang='lat' dir='ltr'><strong>ut</strong></span> <span class='ocrx_word' id='word_1_49' title='bbox 797 1031 885 1115; x_wconf 89' lang='lat' dir='ltr'><strong>quod</strong></span> <span class='ocrx_word' id='word_1_50' title='bbox 909 1032 1018 1096; x_wconf 92' lang='lat' dir='ltr'><strong>sentio</strong></span> <span class='ocrx_word' id='word_1_51' title='bbox 1041 1030 1138 1114; x_wconf 91' lang='lat' dir='ltr'><strong>plane</strong></span> <span class='ocrx_word' id='word_1_52' title='bbox 1162 1031 1282 1113; x_wconf 87' lang='lat' dir='ltr'><strong>dicam,</strong></span> <span class='ocrx_word' id='word_1_53' title='bbox 1309 1032 1368 1098; x_wconf 93' lang='lat' dir='ltr'><strong>ho·</strong></span> 
     </span>
     <span class='ocr_line' id='line_1_8' title="bbox 167 1143 1368 1227; baseline -0.002 -17"><span class='ocrx_word' id='word_1_54' title='bbox 167 1145 248 1210; x_wconf 90' lang='lat' dir='ltr'><strong>mini</strong></span> <span class='ocrx_word' id='word_1_55' title='bbox 272 1144 435 1213; x_wconf 83' lang='lat' dir='ltr'><strong>Gnostico</strong></span> <span class='ocrx_word' id='word_1_56' title='bbox 459 1145 555 1227; x_wconf 89' lang='lat' dir='ltr'><strong>eique</strong></span> <span class='ocrx_word' id='word_1_57' title='bbox 578 1144 752 1209; x_wconf 80' lang='lat' dir='ltr'><strong>Ebionaeo</strong></span> <span class='ocrx_word' id='word_1_58' title='bbox 776 1150 809 1208; x_wconf 92' lang='lat' dir='ltr'><strong>et</strong></span> <span class='ocrx_word' id='word_1_59' title='bbox 833 1149 1056 1227; x_wconf 88' lang='lat' dir='ltr'><strong>opportunum</strong></span> <span class='ocrx_word' id='word_1_60' title='bbox 1085 1148 1118 1207; x_wconf 92' lang='lat' dir='ltr'><strong>et</strong></span> <span class='ocrx_word' id='word_1_61' title='bbox 1144 1143 1368 1208; x_wconf 84' lang='lat' dir='ltr'><strong>necessarium</strong></span> 
     </span>
     <span class='ocr_line' id='line_1_9' title="bbox 168 1254 1368 1339; baseline -0.001 -18"><span class='ocrx_word' id='word_1_62' title='bbox 168 1255 343 1321; x_wconf 84' lang='lat' dir='ltr'><strong>videbatur</strong></span> <span class='ocrx_word' id='word_1_63' title='bbox 364 1260 554 1338; x_wconf 84' lang='lat' dir='ltr'><strong>provectam</strong></span> <span class='ocrx_word' id='word_1_64' title='bbox 577 1255 714 1339; x_wconf 91' lang='lat' dir='ltr'><strong>Iosephi</strong></span> <span class='ocrx_word' id='word_1_65' title='bbox 737 1261 881 1322; x_wconf 88' lang='lat' dir='ltr'><strong>aetatem</strong></span> <span class='ocrx_word' id='word_1_66' title='bbox 904 1256 1113 1338; x_wconf 92' lang='lat' dir='ltr'><strong>suscipientis</strong></span> <span class='ocrx_word' id='word_1_67' title='bbox 1136 1255 1288 1334; x_wconf 83' lang='lat' dir='ltr'><strong>Mariam,</strong></span> <span class='ocrx_word' id='word_1_68' title='bbox 1311 1254 1368 1320; x_wconf 93' lang='lat' dir='ltr'><strong>Io·</strong></span> 
     </span>
     <span class='ocr_line' id='line_1_10' title="bbox 171 1365 1367 1450; baseline 0 -18"><span class='ocrx_word' id='word_1_69' title='bbox 171 1366 264 1448; x_wconf 90' lang='lat' dir='ltr'><strong>sephi</strong></span> <span class='ocrx_word' id='word_1_70' title='bbox 286 1365 372 1431; x_wconf 89' lang='lat' dir='ltr'><strong>filios</strong></span> <span class='ocrx_word' id='word_1_71' title='bbox 395 1388 436 1431; x_wconf 82' lang='lat' dir='ltr'><strong>ex</strong></span> <span class='ocrx_word' id='word_1_72' title='bbox 458 1366 569 1449; x_wconf 92' lang='lat' dir='ltr'><strong>priore</strong></span> <span class='ocrx_word' id='word_1_73' title='bbox 592 1367 803 1432; x_wconf 89' lang='lat' dir='ltr'><strong>matrimonio</strong></span> <span class='ocrx_word' id='word_1_74' title='bbox 818 1372 925 1449; x_wconf 85' lang='lat' dir='ltr'><strong>natos,</strong></span> <span class='ocrx_word' id='word_1_75' title='bbox 946 1367 1172 1450; x_wconf 79' lang='lat' dir='ltr'><strong>virginitatem</strong></span> <span class='ocrx_word' id='word_1_76' title='bbox 1188 1365 1317 1432; x_wconf 90' lang='lat' dir='ltr'><strong>Mariae</strong></span> <span class='ocrx_word' id='word_1_77' title='bbox 1332 1368 1367 1431; x_wconf 92' lang='lat' dir='ltr'><strong>in</strong></span> 
     </span>
     <span class='ocr_line' id='line_1_11' title="bbox 167 1476 1366 1561; baseline -0.001 -19"><span class='ocrx_word' id='word_1_78' title='bbox 167 1482 267 1561; x_wconf 92' lang='lat' dir='ltr'><strong>partu</strong></span> <span class='ocrx_word' id='word_1_79' title='bbox 295 1476 458 1543; x_wconf 81' lang='lat' dir='ltr'><strong>illibatam</strong></span> <span class='ocrx_word' id='word_1_80' title='bbox 486 1483 664 1561; x_wconf 82' lang='lat' dir='ltr'><strong>servatam,</strong></span> <span class='ocrx_word' id='word_1_81' title='bbox 696 1479 803 1561; x_wconf 85' lang='lat' dir='ltr'><strong>ipsam</strong></span> <span class='ocrx_word' id='word_1_82' title='bbox 825 1478 985 1561; x_wconf 81' lang='lat' dir='ltr'><strong>virginem</strong></span> <span class='ocrx_word' id='word_1_83' title='bbox 1013 1483 1154 1543; x_wconf 91' lang='lat' dir='ltr'><strong>matrem</strong></span> <span class='ocrx_word' id='word_1_84' title='bbox 1181 1478 1247 1542; x_wconf 90' lang='lat' dir='ltr'><strong>iam</strong></span> <span class='ocrx_word' id='word_1_85' title='bbox 1274 1482 1366 1543; x_wconf 90' lang='lat' dir='ltr'><strong>ante-</strong></span> 
     </span>
     <span class='ocr_line' id='line_1_12' title="bbox 170 1589 1369 1673; baseline 0 -19"><span class='ocrx_word' id='word_1_86' title='bbox 170 1609 268 1673; x_wconf 92' lang='lat' dir='ltr'><strong>quam</strong></span> <span class='ocrx_word' id='word_1_87' title='bbox 291 1593 483 1654; x_wconf 87' lang='lat' dir='ltr'><strong>nasceretur</strong></span> <span class='ocrx_word' id='word_1_88' title='bbox 506 1594 540 1654; x_wconf 91' lang='lat' dir='ltr'><strong>et</strong></span> <span class='ocrx_word' id='word_1_89' title='bbox 560 1610 621 1672; x_wconf 89' lang='lat' dir='ltr'><strong>per</strong></span> <span class='ocrx_word' id='word_1_90' title='bbox 644 1611 739 1655; x_wconf 90' lang='lat' dir='ltr'><strong>omne</strong></span> <span class='ocrx_word' id='word_1_91' title='bbox 762 1590 922 1655; x_wconf 83' lang='lat' dir='ltr'><strong>infantiae</strong></span> <span class='ocrx_word' id='word_1_92' title='bbox 946 1610 1025 1655; x_wconf 89' lang='lat' dir='ltr'><strong>suae</strong></span> <span class='ocrx_word' id='word_1_93' title='bbox 1045 1595 1175 1672; x_wconf 86' lang='lat' dir='ltr'><strong>tempus</strong></span> <span class='ocrx_word' id='word_1_94' title='bbox 1193 1590 1235 1654; x_wconf 90' lang='lat' dir='ltr'><strong>ab</strong></span> <span class='ocrx_word' id='word_1_95' title='bbox 1254 1589 1369 1654; x_wconf 92' lang='lat' dir='ltr'><strong>huma·</strong></span> 
     </span>
     <span class='ocr_line' id='line_1_13' title="bbox 171 1700 1135 1788; baseline 0 -24"><span class='ocrx_word' id='word_1_96' title='bbox 171 1720 288 1765; x_wconf 90' lang='lat' dir='ltr'><strong>narum</strong></span> <span class='ocrx_word' id='word_1_97' title='bbox 311 1721 421 1766; x_wconf 89' lang='lat' dir='ltr'><strong>rerum</strong></span> <span class='ocrx_word' id='word_1_98' title='bbox 444 1700 682 1766; x_wconf 90' lang='lat' dir='ltr'><strong>consuetudine</strong></span> <span class='ocrx_word' id='word_1_99' title='bbox 705 1703 787 1767; x_wconf 91' lang='lat' dir='ltr'><strong>satis</strong></span> <span class='ocrx_word' id='word_1_100' title='bbox 810 1700 950 1766; x_wconf 88' lang='lat' dir='ltr'><strong>alienam</strong></span> <span class='ocrx_word' id='word_1_101' title='bbox 974 1701 1135 1788; x_wconf 82' lang='lat' dir='ltr'><strong>docere¹).</strong></span> 
     </span>
    </p>
   </div>
   <div class='ocr_carea' id='block_1_3' title="bbox 168 1818 1370 3444">
    <p class='ocr_par' dir='ltr' id='par_1_3' title="bbox 168 1818 1370 3444">
     <span class='ocr_line' id='line_1_14' title="bbox 256 1818 1367 1904; baseline 0 -20"><span class='ocrx_word' id='word_1_102' title='bbox 256 1818 364 1903; x_wconf 83' lang='lat' dir='ltr'><strong>Quam</strong></span> <span class='ocrx_word' id='word_1_103' title='bbox 387 1824 498 1885; x_wconf 87' lang='lat' dir='ltr'><strong>autem</strong></span> <span class='ocrx_word' id='word_1_104' title='bbox 522 1842 622 1903; x_wconf 89' lang='lat' dir='ltr'><strong>supra</strong></span> <span class='ocrx_word' id='word_1_105' title='bbox 644 1820 831 1904; x_wconf 82' lang='lat' dir='ltr'><strong>insignibus</strong></span> <span class='ocrx_word' id='word_1_106' title='bbox 853 1819 982 1904; x_wconf 91' lang='lat' dir='ltr'><strong>aliquot</strong></span> <span class='ocrx_word' id='word_1_107' title='bbox 1003 1820 1203 1885; x_wconf 86' lang='lat' dir='ltr'><strong>testimoniis</strong></span> <span class='ocrx_word' id='word_1_108' title='bbox 1219 1824 1367 1886; x_wconf 82' lang='lat' dir='ltr'><strong>veterum</strong></span> 
     </span>
     <span class='ocr_line' id='line_1_15' title="bbox 169 1929 1368 2015; baseline 0 -20"><span class='ocrx_word' id='word_1_109' title='bbox 169 1929 279 1996; x_wconf 90' lang='lat' dir='ltr'><strong>allatis</strong></span> <span class='ocrx_word' id='word_1_110' title='bbox 307 1932 546 2014; x_wconf 81' lang='lat' dir='ltr'><strong>proterangelii</strong></span> <span class='ocrx_word' id='word_1_111' title='bbox 575 1931 696 1997; x_wconf 83' lang='lat' dir='ltr'><strong>samam</strong></span> <span class='ocrx_word' id='word_1_112' title='bbox 724 1933 758 1996; x_wconf 95' lang='lat' dir='ltr'><strong>in</strong></span> <span class='ocrx_word' id='word_1_113' title='bbox 786 1932 987 2015; x_wconf 86' lang='lat' dir='ltr'><strong>antiquitate</strong></span> <span class='ocrx_word' id='word_1_114' title='bbox 1013 1931 1117 1996; x_wconf 88' lang='lat' dir='ltr'><strong>fuisse</strong></span> <span class='ocrx_word' id='word_1_115' title='bbox 1141 1931 1368 2014; x_wconf 81' lang='lat' dir='ltr'><strong>indicavimus,</strong></span> 
     </span>
     <span class='ocr_line' id='line_1_16' title="bbox 169 2042 1368 2127; baseline -0.003 -18"><span class='ocrx_word' id='word_1_116' title='bbox 169 2042 203 2109; x_wconf 91' lang='lat' dir='ltr'><strong>id</strong></span> <span class='ocrx_word' id='word_1_117' title='bbox 222 2042 310 2127; x_wconf 90' lang='lat' dir='ltr'><strong>quod</strong></span> <span class='ocrx_word' id='word_1_118' title='bbox 333 2043 438 2126; x_wconf 82' lang='lat' dir='ltr'><strong>magis</strong></span> <span class='ocrx_word' id='word_1_119' title='bbox 461 2043 563 2108; x_wconf 90' lang='lat' dir='ltr'><strong>etiam</strong></span> <span class='ocrx_word' id='word_1_120' title='bbox 577 2044 624 2107; x_wconf 76' lang='lat' dir='ltr'><strong>bx</strong></span> <span class='ocrx_word' id='word_1_121' title='bbox 647 2043 865 2109; x_wconf 87' lang='lat' dir='ltr'><strong>traditionum</strong></span> <span class='ocrx_word' id='word_1_122' title='bbox 888 2064 927 2108; x_wconf 91' lang='lat' dir='ltr'><strong>ac</strong></span> <span class='ocrx_word' id='word_1_123' title='bbox 948 2043 1073 2107; x_wconf 90' lang='lat' dir='ltr'><strong>rituum</strong></span> <span class='ocrx_word' id='word_1_124' title='bbox 1096 2043 1236 2107; x_wconf 82' lang='lat' dir='ltr'><strong>historia</strong></span> <span class='ocrx_word' id='word_1_125' title='bbox 1256 2042 1368 2109; x_wconf 89' lang='lat' dir='ltr'><strong>doceri</strong></span> 
     </span>
     <span class='ocr_line' id='line_1_17' title="bbox 169 2154 1369 2253; baseline 0.002 -33"><span class='ocrx_word' id='word_1_126' title='bbox 169 2159 289 2238; x_wconf 87' lang='lat' dir='ltr'><strong>potest,</strong></span> <span class='ocrx_word' id='word_1_127' title='bbox 315 2154 452 2220; x_wconf 90' lang='lat' dir='ltr'><strong>eandem</strong></span> <span class='ocrx_word' id='word_1_128' title='bbox 474 2175 535 2237; x_wconf 91' lang='lat' dir='ltr'><strong>per</strong></span> <span class='ocrx_word' id='word_1_129' title='bbox 556 2154 697 2219; x_wconf 92' lang='lat' dir='ltr'><strong>mediam</strong></span> <span class='ocrx_word' id='word_1_130' title='bbox 721 2160 864 2220; x_wconf 87' lang='lat' dir='ltr'><strong>aetatem</strong></span> <span class='ocrx_word' id='word_1_131' title='bbox 887 2159 1115 2220; x_wconf 82' lang='lat' dir='ltr'><strong>conservatam</strong></span> <span class='ocrx_word' id='word_1_132' title='bbox 1136 2158 1369 2253; x_wconf 75' lang='lat' dir='ltr'><strong>propagatam</strong></span> 
     </span>
     <span class='ocr_line' id='line_1_18' title="bbox 171 2265 1368 2349; baseline 0 -19"><span class='ocrx_word' id='word_1_133' title='bbox 171 2284 235 2348; x_wconf 88' lang='lat' dir='ltr'><strong>que</strong></span> <span class='ocrx_word' id='word_1_134' title='bbox 258 2286 330 2330; x_wconf 89' lang='lat' dir='ltr'><strong>esse</strong></span> <span class='ocrx_word' id='word_1_135' title='bbox 351 2265 515 2348; x_wconf 91' lang='lat' dir='ltr'><strong>probatur</strong></span> <span class='ocrx_word' id='word_1_136' title='bbox 533 2265 609 2331; x_wconf 90' lang='lat' dir='ltr'><strong>inde</strong></span> <span class='ocrx_word' id='word_1_137' title='bbox 626 2265 715 2349; x_wconf 92' lang='lat' dir='ltr'><strong>quod</strong></span> <span class='ocrx_word' id='word_1_138' title='bbox 733 2288 833 2349; x_wconf 93' lang='lat' dir='ltr'><strong>quum</strong></span> <span class='ocrx_word' id='word_1_139' title='bbox 857 2286 977 2348; x_wconf 85' lang='lat' dir='ltr'><strong>magna</strong></span> <span class='ocrx_word' id='word_1_140' title='bbox 999 2265 1148 2330; x_wconf 88' lang='lat' dir='ltr'><strong>codicum</strong></span> <span class='ocrx_word' id='word_1_141' title='bbox 1170 2265 1267 2330; x_wconf 89' lang='lat' dir='ltr'><strong>huius</strong></span> <span class='ocrx_word' id='word_1_142' title='bbox 1289 2265 1368 2330; x_wconf 91' lang='lat' dir='ltr'><strong>libri</strong></span> 
     </span>
     <span class='ocr_line' id='line_1_19' title="bbox 170 2377 1367 2460; baseline -0.001 -19"><span class='ocrx_word' id='word_1_143' title='bbox 170 2397 364 2459; x_wconf 82' lang='lat' dir='ltr'><strong>graecorum</strong></span> <span class='ocrx_word' id='word_1_144' title='bbox 387 2378 483 2460; x_wconf 90' lang='lat' dir='ltr'><strong>eopia</strong></span> <span class='ocrx_word' id='word_1_145' title='bbox 505 2377 669 2460; x_wconf 89' lang='lat' dir='ltr'><strong>hodieque</strong></span> <span class='ocrx_word' id='word_1_146' title='bbox 692 2378 726 2441; x_wconf 91' lang='lat' dir='ltr'><strong>in</strong></span> <span class='ocrx_word' id='word_1_147' title='bbox 748 2377 960 2442; x_wconf 87' lang='lat' dir='ltr'><strong>bibliothecis</strong></span> <span class='ocrx_word' id='word_1_148' title='bbox 982 2377 1162 2459; x_wconf 81' lang='lat' dir='ltr'><strong>invenitur,</strong></span> <span class='ocrx_word' id='word_1_149' title='bbox 1187 2398 1285 2460; x_wconf 92' lang='lat' dir='ltr'><strong>quam</strong></span> <span class='ocrx_word' id='word_1_150' title='bbox 1308 2398 1367 2440; x_wconf 92' lang='lat' dir='ltr'><strong>nu·</strong></span> 
     </span>
     <span class='ocr_line' id='line_1_20' title="bbox 170 2486 1370 2571; baseline -0.001 -19"><span class='ocrx_word' id='word_1_151' title='bbox 170 2507 296 2552; x_wconf 90' lang='lat' dir='ltr'><strong>merum</strong></span> <span class='ocrx_word' id='word_1_152' title='bbox 319 2487 640 2571; x_wconf 84' lang='lat' dir='ltr'><strong>quinquagenarium</strong></span> <span class='ocrx_word' id='word_1_153' title='bbox 664 2487 819 2553; x_wconf 84' lang='lat' dir='ltr'><strong>excedere</strong></span> <span class='ocrx_word' id='word_1_154' title='bbox 842 2487 951 2552; x_wconf 91' lang='lat' dir='ltr'><strong>nullus</strong></span> <span class='ocrx_word' id='word_1_155' title='bbox 975 2486 1105 2569; x_wconf 89' lang='lat' dir='ltr'><strong>dubito,</strong></span> <span class='ocrx_word' id='word_1_156' title='bbox 1129 2493 1201 2552; x_wconf 87' lang='lat' dir='ltr'><strong>tum</strong></span> <span class='ocrx_word' id='word_1_157' title='bbox 1224 2486 1312 2570; x_wconf 91' lang='lat' dir='ltr'><strong>quod</strong></span> <span class='ocrx_word' id='word_1_158' title='bbox 1333 2488 1370 2551; x_wconf 92' lang='lat' dir='ltr'><strong>in</strong></span> 
     </span>
     <span class='ocr_line' id='line_1_21' title="bbox 169 2596 1368 2681; baseline -0.001 -18"><span class='ocrx_word' id='word_1_159' title='bbox 169 2596 290 2663; x_wconf 91' lang='lat' dir='ltr'><strong>multas</strong></span> <span class='ocrx_word' id='word_1_160' title='bbox 313 2602 347 2662; x_wconf 94' lang='lat' dir='ltr'><strong>et</strong></span> <span class='ocrx_word' id='word_1_161' title='bbox 368 2598 506 2663; x_wconf 83' lang='lat' dir='ltr'><strong>orientis</strong></span> <span class='ocrx_word' id='word_1_162' title='bbox 522 2604 556 2663; x_wconf 90' lang='lat' dir='ltr'><strong>et</strong></span> <span class='ocrx_word' id='word_1_163' title='bbox 571 2598 751 2665; x_wconf 87' lang='lat' dir='ltr'><strong>occidentis</strong></span> <span class='ocrx_word' id='word_1_164' title='bbox 767 2598 897 2681; x_wconf 85' lang='lat' dir='ltr'><strong>linguas</strong></span> <span class='ocrx_word' id='word_1_165' title='bbox 914 2597 1113 2663; x_wconf 87' lang='lat' dir='ltr'><strong>translatum</strong></span> <span class='ocrx_word' id='word_1_166' title='bbox 1129 2604 1368 2680; x_wconf 87' lang='lat' dir='ltr'><strong>praetereaque</strong></span> 
     </span>
     <span class='ocr_line' id='line_1_22' title="bbox 169 2708 1368 2792; baseline -0.001 -18"><span class='ocrx_word' id='word_1_167' title='bbox 169 2708 212 2774; x_wconf 91' lang='lat' dir='ltr'><strong>ad</strong></span> <span class='ocrx_word' id='word_1_168' title='bbox 243 2709 326 2773; x_wconf 90' lang='lat' dir='ltr'><strong>alias</strong></span> <span class='ocrx_word' id='word_1_169' title='bbox 359 2709 475 2774; x_wconf 88' lang='lat' dir='ltr'><strong>similis</strong></span> <span class='ocrx_word' id='word_1_170' title='bbox 506 2709 636 2792; x_wconf 82' lang='lat' dir='ltr'><strong>generis</strong></span> <span class='ocrx_word' id='word_1_171' title='bbox 667 2708 816 2775; x_wconf 88' lang='lat' dir='ltr'><strong>fictiones</strong></span> <span class='ocrx_word' id='word_1_172' title='bbox 852 2709 1037 2773; x_wconf 91' lang='lat' dir='ltr'><strong>adhibitum</strong></span> <span class='ocrx_word' id='word_1_173' title='bbox 1073 2710 1202 2774; x_wconf 89' lang='lat' dir='ltr'><strong>scimus.</strong></span> <span class='ocrx_word' id='word_1_174' title='bbox 1253 2709 1368 2791; x_wconf 82' lang='lat' dir='ltr'><strong>Atque</strong></span> 
     </span>
     <span class='ocr_line' id='line_1_23' title="bbox 168 2819 1368 2902; baseline -0.002 -15"><span class='ocrx_word' id='word_1_175' title='bbox 168 2820 247 2887; x_wconf 92' lang='lat' dir='ltr'><strong>hinc</strong></span> <span class='ocrx_word' id='word_1_176' title='bbox 273 2820 375 2885; x_wconf 90' lang='lat' dir='ltr'><strong>etiam</strong></span> <span class='ocrx_word' id='word_1_177' title='bbox 403 2819 527 2885; x_wconf 89' lang='lat' dir='ltr'><strong>factum</strong></span> <span class='ocrx_word' id='word_1_178' title='bbox 552 2822 751 2886; x_wconf 86' lang='lat' dir='ltr'><strong>astutiam</strong></span> <span class='ocrx_word' id='word_1_179' title='bbox 774 2820 905 2886; x_wconf 87' lang='lat' dir='ltr'><strong>saeculo</strong></span> <span class='ocrx_word' id='word_1_180' title='bbox 930 2825 1022 2886; x_wconf 84' lang='lat' dir='ltr'><strong>sexto</strong></span> <span class='ocrx_word' id='word_1_181' title='bbox 1047 2820 1172 2886; x_wconf 92' lang='lat' dir='ltr'><strong>decimo</strong></span> <span class='ocrx_word' id='word_1_182' title='bbox 1196 2824 1230 2883; x_wconf 91' lang='lat' dir='ltr'><strong>et</strong></span> <span class='ocrx_word' id='word_1_183' title='bbox 1251 2840 1368 2902; x_wconf 85' lang='lat' dir='ltr'><strong>graece</strong></span> 
     </span>
     <span class='ocr_line' id='line_1_24' title="bbox 170 2930 1369 3015; baseline -0.001 -20"><span class='ocrx_word' id='word_1_184' title='bbox 170 2935 204 2995; x_wconf 92' lang='lat' dir='ltr'><strong>et</strong></span> <span class='ocrx_word' id='word_1_185' title='bbox 225 2932 328 2997; x_wconf 90' lang='lat' dir='ltr'><strong>latine</strong></span> <span class='ocrx_word' id='word_1_186' title='bbox 352 2931 547 3014; x_wconf 90' lang='lat' dir='ltr'><strong>impressum</strong></span> <span class='ocrx_word' id='word_1_187' title='bbox 570 2931 731 2997; x_wconf 86' lang='lat' dir='ltr'><strong>ederetur.</strong></span> <span class='ocrx_word' id='word_1_188' title='bbox 768 2932 815 2996; x_wconf 83' lang='lat' dir='ltr'><strong>Et</strong></span> <span class='ocrx_word' id='word_1_189' title='bbox 837 2952 953 3015; x_wconf 88' lang='lat' dir='ltr'><strong>graece</strong></span> <span class='ocrx_word' id='word_1_190' title='bbox 969 2931 1101 3014; x_wconf 91' lang='lat' dir='ltr'><strong>quidem</strong></span> <span class='ocrx_word' id='word_1_191' title='bbox 1119 2932 1245 3014; x_wconf 91' lang='lat' dir='ltr'><strong>primus</strong></span> <span class='ocrx_word' id='word_1_192' title='bbox 1265 2930 1369 2996; x_wconf 91' lang='lat' dir='ltr'><strong>edidit</strong></span> 
     </span>
     <span class='ocr_line' id='line_1_25' title="bbox 169 3040 1368 3127; baseline -0.001 -21"><span class='ocrx_word' id='word_1_193' title='bbox 169 3041 345 3127; x_wconf 85' lang='lat' dir='ltr'><strong>Michael</strong></span> <span class='ocrx_word' id='word_1_194' title='bbox 369 3041 566 3125; x_wconf 87' lang='lat' dir='ltr'><strong>Neander,</strong></span> <span class='ocrx_word' id='word_1_195' title='bbox 589 3042 752 3108; x_wconf 89' lang='lat' dir='ltr'><strong>catechesi</strong></span> <span class='ocrx_word' id='word_1_196' title='bbox 769 3040 911 3107; x_wconf 89' lang='lat' dir='ltr'><strong>Lutheri</strong></span> <span class='ocrx_word' id='word_1_197' title='bbox 934 3062 1072 3124; x_wconf 87' lang='lat' dir='ltr'><strong>graecae</strong></span> <span class='ocrx_word' id='word_1_198' title='bbox 1095 3047 1128 3107; x_wconf 94' lang='lat' dir='ltr'><strong>et</strong></span> <span class='ocrx_word' id='word_1_199' title='bbox 1149 3042 1273 3106; x_wconf 91' lang='lat' dir='ltr'><strong>latinae</strong></span> <span class='ocrx_word' id='word_1_200' title='bbox 1292 3041 1368 3105; x_wconf 91' lang='lat' dir='ltr'><strong>sub·</strong></span> 
     </span>
     <span class='ocr_line' id='line_1_26' title="bbox 170 3151 1368 3238; baseline 0 -21"><span class='ocrx_word' id='word_1_201' title='bbox 170 3153 307 3236; x_wconf 80' lang='lat' dir='ltr'><strong>iungens</strong></span> <span class='ocrx_word' id='word_1_202' title='bbox 326 3154 555 3219; x_wconf 88' lang='lat' dir='ltr'><strong>narrationum</strong></span> <span class='ocrx_word' id='word_1_203' title='bbox 575 3154 838 3238; x_wconf 86' lang='lat' dir='ltr'><strong>apocrypharum</strong></span> <span class='ocrx_word' id='word_1_204' title='bbox 857 3152 1093 3231; x_wconf 86' lang='lat' dir='ltr'><strong>collectionem,</strong></span> <span class='ocrx_word' id='word_1_205' title='bbox 1116 3174 1200 3236; x_wconf 90' lang='lat' dir='ltr'><strong>quae</strong></span> <span class='ocrx_word' id='word_1_206' title='bbox 1216 3151 1368 3218; x_wconf 89' lang='lat' dir='ltr'><strong>Basileae</strong></span> 
     </span>
     <span class='ocr_line' id='line_1_27' title="bbox 170 3263 1367 3348; baseline -0.001 -19"><span class='ocrx_word' id='word_1_207' title='bbox 170 3284 210 3329; x_wconf 85' lang='lat' dir='ltr'><strong>ex</strong></span> <span class='ocrx_word' id='word_1_208' title='bbox 233 3264 366 3329; x_wconf 87' lang='lat' dir='ltr'><strong>officina</strong></span> <span class='ocrx_word' id='word_1_209' title='bbox 388 3263 462 3330; x_wconf 95' lang='lat' dir='ltr'><strong>Ioh.</strong></span> <span class='ocrx_word' id='word_1_210' title='bbox 480 3263 620 3348; x_wconf 91' lang='lat' dir='ltr'><strong>Oporini</strong></span> <span class='ocrx_word' id='word_1_211' title='bbox 643 3286 730 3330; x_wconf 91' lang='lat' dir='ltr'><strong>anno</strong></span> <span class='ocrx_word' id='word_1_212' title='bbox 756 3267 847 3331; x_wconf 80' lang='lat'>1564.</span> <span class='ocrx_word' id='word_1_213' title='bbox 867 3264 993 3348; x_wconf 91' lang='lat' dir='ltr'><strong>prodiit</strong></span> <span class='ocrx_word' id='word_1_214' title='bbox 1004 3265 1036 3348; x_wconf 69' lang='lat'><strong>¹).</strong></span> <span class='ocrx_word' id='word_1_215' title='bbox 1072 3263 1193 3329; x_wconf 85' lang='lat' dir='ltr'><strong>Latine</strong></span> <span class='ocrx_word' id='word_1_216' title='bbox 1208 3284 1285 3330; x_wconf 84' lang='lat' dir='ltr'><strong>vero</strong></span> <span class='ocrx_word' id='word_1_217' title='bbox 1302 3263 1367 3328; x_wconf 91' lang='lat' dir='ltr'><strong>iam</strong></span> 
     </span>
     <span class='ocr_line' id='line_1_28' title="bbox 171 3374 1367 3444; baseline 0 -4"><span class='ocrx_word' id='word_1_218' title='bbox 171 3374 341 3441; x_wconf 88' lang='lat' dir='ltr'><strong>duodecim</strong></span> <span class='ocrx_word' id='word_1_219' title='bbox 371 3376 467 3441; x_wconf 91' lang='lat' dir='ltr'><strong>annis</strong></span> <span class='ocrx_word' id='word_1_220' title='bbox 495 3382 572 3441; x_wconf 87' lang='lat' dir='ltr'><strong>ante</strong></span> <span class='ocrx_word' id='word_1_221' title='bbox 595 3398 634 3441; x_wconf 86' lang='lat' dir='ltr'><strong>ex</strong></span> <span class='ocrx_word' id='word_1_222' title='bbox 658 3376 785 3442; x_wconf 88' lang='lat' dir='ltr'><strong>schedis</strong></span> <span class='ocrx_word' id='word_1_223' title='bbox 809 3374 1020 3444; x_wconf 85' lang='lat' dir='ltr'><strong>Guilielmi</strong></span> <span class='ocrx_word' id='word_1_224' title='bbox 1042 3375 1218 3441; x_wconf 90' lang='lat' dir='ltr'><strong>Postelli</strong></span> <span class='ocrx_word' id='word_1_225' title='bbox 1246 3375 1367 3440; x_wconf 90' lang='lat' dir='ltr'><strong>ibidem</strong></span> 
     </span>
    </p>
   </div>
   <div class='ocr_carea' id='block_1_4' title="bbox 170 3535 382 3545">
    <p class='ocr_par' dir='ltr' id='par_1_4' title="bbox 170 3535 382 3545">
     <span class='ocr_line' id='line_1_29' title="bbox 170 3535 382 3545; baseline 0.009 -3"><span class='ocrx_word' id='word_1_226' title='bbox 170 3535 382 3545; x_wconf 70' lang='lat'><strong>—0--—-——</strong></span> 
     </span>
    </p>
   </div>
   <div class='ocr_carea' id='block_1_5' title="bbox 170 3615 1368 3840">
    <p class='ocr_par' dir='ltr' id='par_1_5' title="bbox 170 3615 1368 3840">
     <span class='ocr_line' id='line_1_30' title="bbox 256 3615 1368 3688; baseline 0 -19"><span class='ocrx_word' id='word_1_227' title='bbox 256 3615 279 3681; x_wconf 82' lang='grc' dir='ltr'><strong>ι)</strong></span> <span class='ocrx_word' id='word_1_228' title='bbox 298 3620 371 3669; x_wconf 80' lang='lat' dir='ltr'><strong>Haec</strong></span> <span class='ocrx_word' id='word_1_229' title='bbox 389 3635 511 3685; x_wconf 73' lang='lat' dir='ltr'><strong>magnam</strong></span> <span class='ocrx_word' id='word_1_230' title='bbox 531 3623 633 3685; x_wconf 76' lang='lat' dir='ltr'><strong>portem</strong></span> <span class='ocrx_word' id='word_1_231' title='bbox 653 3635 684 3670; x_wconf 79' lang='lat' dir='ltr'><strong>ex</strong></span> <span class='ocrx_word' id='word_1_232' title='bbox 703 3619 895 3670; x_wconf 76' lang='lat' dir='ltr'><strong>dissertatione</strong></span> <span class='ocrx_word' id='word_1_233' title='bbox 913 3637 972 3671; x_wconf 83' lang='lat' dir='ltr'><strong>mes</strong></span> <span class='ocrx_word' id='word_1_234' title='bbox 985 3621 1018 3672; x_wconf 89' lang='lat' dir='ltr'><strong>ds</strong></span> <span class='ocrx_word' id='word_1_235' title='bbox 1037 3637 1149 3688; x_wconf 73' lang='lat' dir='ltr'><strong>svangg.</strong></span> <span class='ocrx_word' id='word_1_236' title='bbox 1162 3635 1251 3686; x_wconf 81' lang='lat' dir='ltr'><strong>apocr.</strong></span> <span class='ocrx_word' id='word_1_237' title='bbox 1263 3620 1368 3685; x_wconf 80' lang='lat' dir='ltr'><strong>origine</strong></span> 
     </span>
     <span class='ocr_line' id='line_1_31' title="bbox 171 3703 1366 3772; baseline -0.002 -16"><span class='ocrx_word' id='word_1_238' title='bbox 171 3708 199 3756; x_wconf 83' lang='lat' dir='ltr'><strong>et</strong></span> <span class='ocrx_word' id='word_1_239' title='bbox 216 3719 266 3754; x_wconf 79' lang='lat' dir='ltr'><strong>usu</strong></span> <span class='ocrx_word' id='word_1_240' title='bbox 284 3704 376 3769; x_wconf 75' lang='lat' dir='ltr'><strong>liagoe</strong></span> <span class='ocrx_word' id='word_1_241' title='bbox 396 3703 528 3755; x_wconf 83' lang='lat' dir='ltr'><strong>Comitum</strong></span> <span class='ocrx_word' id='word_1_242' title='bbox 548 3706 623 3756; x_wconf 76' lang='lat'><strong>1⁸⁶1,</strong></span> <span class='ocrx_word' id='word_1_243' title='bbox 641 3704 771 3764; x_wconf 81' lang='lat' dir='ltr'><strong>desumi,</strong></span> <span class='ocrx_word' id='word_1_244' title='bbox 793 3706 838 3755; x_wconf 85' lang='lat' dir='ltr'><strong>ubi</strong></span> <span class='ocrx_word' id='word_1_245' title='bbox 858 3703 871 3768; x_wconf 70' lang='grc'><strong>5</strong></span> <span class='ocrx_word' id='word_1_246' title='bbox 890 3707 914 3758; x_wconf 84' lang='grc'><strong>9.</strong></span> <span class='ocrx_word' id='word_1_247' title='bbox 933 3722 993 3772; x_wconf 76' lang='lat' dir='ltr'><strong>pag.</strong></span> <span class='ocrx_word' id='word_1_248' title='bbox 1006 3707 1117 3757; x_wconf 77' lang='lat'><strong>26-85.</strong></span> <span class='ocrx_word' id='word_1_249' title='bbox 1135 3706 1263 3771; x_wconf 81' lang='lat' dir='ltr'><strong>pleraque</strong></span> <span class='ocrx_word' id='word_1_250' title='bbox 1283 3705 1366 3755; x_wconf 78' lang='lat' dir='ltr'><strong>rusius</strong></span> 
     </span>
     <span class='ocr_line' id='line_1_32' title="bbox 170 3793 331 3840; baseline -0.019 0"><span class='ocrx_word' id='word_1_251' title='bbox 170 3793 331 3840; x_wconf 73' lang='lat' dir='ltr'><strong>tractantur.</strong></span> 
     </span>
    </p>
   </div>
   <div class='ocr_carea' id='block_1_6' title="bbox 169 3879 1369 4460">
    <p class='ocr_par' dir='ltr' id='par_1_6' title="bbox 169 3879 1369 4460">
     <span class='ocr_line' id='line_1_33' title="bbox 256 3879 1366 3950; baseline 0.001 -18"><span class='ocrx_word' id='word_1_252' title='bbox 256 3879 280 3945; x_wconf 77' lang='lat'><strong>²)</strong></span> <span class='ocrx_word' id='word_1_253' title='bbox 299 3882 406 3933; x_wconf 78' lang='lat' dir='ltr'><strong>Titulus</strong></span> <span class='ocrx_word' id='word_1_254' title='bbox 425 3882 488 3933; x_wconf 82' lang='lat' dir='ltr'><strong>libri</strong></span> <span class='ocrx_word' id='word_1_255' title='bbox 507 3890 549 3933; x_wconf 84' lang='lat' dir='ltr'><strong>est</strong></span> <span class='ocrx_word' id='word_1_256' title='bbox 572 3885 741 3950; x_wconf 73' lang='lat' dir='ltr'><strong>Apocryplax</strong></span> <span class='ocrx_word' id='word_1_257' title='bbox 764 3887 810 3934; x_wconf 76' lang='lat' dir='ltr'><strong>boc</strong></span> <span class='ocrx_word' id='word_1_258' title='bbox 827 3890 877 3944; x_wconf 77' lang='lat' dir='ltr'><strong>est,</strong></span> <span class='ocrx_word' id='word_1_259' title='bbox 899 3886 1064 3935; x_wconf 70' lang='lat' dir='ltr'><strong>narrationes</strong></span> <span class='ocrx_word' id='word_1_260' title='bbox 1079 3885 1111 3934; x_wconf 82' lang='lat' dir='ltr'><strong>ds</strong></span> <span class='ocrx_word' id='word_1_261' title='bbox 1130 3884 1243 3943; x_wconf 67' lang='lat' dir='ltr'><strong>ocriae,</strong></span> <span class='ocrx_word' id='word_1_262' title='bbox 1265 3883 1366 3943; x_wconf 71' lang='lat' dir='ltr'><strong>Maria,</strong></span> 
     </span>
     <span class='ocr_line' id='line_1_34' title="bbox 170 3970 1369 4036; baseline -0.001 -16"><span class='ocrx_word' id='word_1_263' title='bbox 170 3972 270 4034; x_wconf 77' lang='lat' dir='ltr'><strong>Ioseph,</strong></span> <span class='ocrx_word' id='word_1_264' title='bbox 289 3973 437 4034; x_wconf 73' lang='lat' dir='ltr'><strong>eopmtioss</strong></span> <span class='ocrx_word' id='word_1_265' title='bbox 455 3974 480 4019; x_wconf 78' lang='lat' dir='ltr'><strong>el</strong></span> <span class='ocrx_word' id='word_1_266' title='bbox 489 3970 600 4036; x_wconf 76' lang='lat' dir='ltr'><strong>familia</strong></span> <span class='ocrx_word' id='word_1_267' title='bbox 619 3971 722 4030; x_wconf 76' lang='lat' dir='ltr'><strong>Christi,</strong></span> <span class='ocrx_word' id='word_1_268' title='bbox 741 3977 815 4021; x_wconf 68' lang='lat' dir='ltr'><strong>estro</strong></span> <span class='ocrx_word' id='word_1_269' title='bbox 833 3972 936 4021; x_wconf 76' lang='lat' dir='ltr'><strong>Billis.-</strong></span> <span class='ocrx_word' id='word_1_270' title='bbox 960 3973 1028 4035; x_wconf 83' lang='lat' dir='ltr'><strong>cpad</strong></span> <span class='ocrx_word' id='word_1_271' title='bbox 1046 3978 1142 4023; x_wconf 62' lang='lat' dir='ltr'><strong>seinse</strong></span> <span class='ocrx_word' id='word_1_272' title='bbox 1158 3976 1242 4022; x_wconf 75' lang='lat' dir='ltr'><strong>tomen</strong></span> <span class='ocrx_word' id='word_1_273' title='bbox 1254 3972 1369 4020; x_wconf 74' lang='lat' dir='ltr'><strong>Gracem</strong></span> 
     </span>
     <span class='ocr_line' id='line_1_35' title="bbox 170 4054 1366 4120; baseline 0.002 -16"><span class='ocrx_word' id='word_1_274' title='bbox 170 4058 321 4120; x_wconf 73' lang='lat' dir='ltr'><strong>scriptores,</strong></span> <span class='ocrx_word' id='word_1_275' title='bbox 340 4055 443 4112; x_wconf 74' lang='lat' dir='ltr'><strong>Patres,</strong></span> <span class='ocrx_word' id='word_1_276' title='bbox 462 4054 609 4106; x_wconf 69' lang='lat' dir='ltr'><strong>Historicor</strong></span> <span class='ocrx_word' id='word_1_277' title='bbox 625 4060 651 4105; x_wconf 78' lang='lat' dir='ltr'><strong>st</strong></span> <span class='ocrx_word' id='word_1_278' title='bbox 667 4056 817 4120; x_wconf 75' lang='lat' dir='ltr'><strong>Philolopor</strong></span> <span class='ocrx_word' id='word_1_279' title='bbox 832 4061 936 4119; x_wconf 75' lang='lat' dir='ltr'><strong>reporto</strong></span> <span class='ocrx_word' id='word_1_280' title='bbox 954 4057 1060 4117; x_wconf 61' lang='lat' dir='ltr'><strong>(imaro</strong></span> <span class='ocrx_word' id='word_1_281' title='bbox 1077 4057 1154 4106; x_wconf 66' lang='lat' dir='ltr'><strong>etiam</strong></span> <span class='ocrx_word' id='word_1_282' title='bbox 1171 4055 1366 4119; x_wconf 74' lang='lat' dir='ltr'><strong>Protecaapelic</strong></span> 
     </span>
     <span class='ocr_line' id='line_1_36' title="bbox 170 4142 1366 4208; baseline 0 -16"><span class='ocrx_word' id='word_1_283' title='bbox 170 4143 259 4192; x_wconf 75' lang='lat' dir='ltr'><strong>iacobi</strong></span> <span class='ocrx_word' id='word_1_284' title='bbox 278 4144 385 4200; x_wconf 70' lang='lat' dir='ltr'><strong>Graece,</strong></span> <span class='ocrx_word' id='word_1_285' title='bbox 405 4144 431 4191; x_wconf 74' lang='lat' dir='ltr'><strong>iu</strong></span> <span class='ocrx_word' id='word_1_286' title='bbox 451 4142 554 4192; x_wconf 72' lang='lat' dir='ltr'><strong>Orionis</strong></span> <span class='ocrx_word' id='word_1_287' title='bbox 571 4159 653 4208; x_wconf 72' lang='lat' dir='ltr'><strong>asper</strong></span> <span class='ocrx_word' id='word_1_288' title='bbox 669 4148 779 4207; x_wconf 79' lang='lat' dir='ltr'><strong>reperto,</strong></span> <span class='ocrx_word' id='word_1_289' title='bbox 797 4144 901 4194; x_wconf 69' lang='lat' dir='ltr'><strong>necdum</strong></span> <span class='ocrx_word' id='word_1_290' title='bbox 919 4145 987 4194; x_wconf 76' lang='lat' dir='ltr'><strong>edito</strong></span> <span class='ocrx_word' id='word_1_291' title='bbox 1003 4142 1134 4202; x_wconf 71' lang='lat' dir='ltr'><strong>lactosae)</strong></span> <span class='ocrx_word' id='word_1_292' title='bbox 1153 4159 1184 4192; x_wconf 75' lang='lat' dir='ltr'><strong>sc</strong></span> <span class='ocrx_word' id='word_1_293' title='bbox 1198 4143 1366 4193; x_wconf 65' lang='lat' dir='ltr'><strong>Orantem</strong></span> 
     </span>
     <span class='ocr_line' id='line_1_37' title="bbox 170 4227 1366 4294; baseline 0 -18"><span class='ocrx_word' id='word_1_294' title='bbox 170 4243 202 4276; x_wconf 83' lang='lat' dir='ltr'><strong>cc</strong></span> <span class='ocrx_word' id='word_1_295' title='bbox 224 4227 382 4293; x_wconf 67' lang='lat' dir='ltr'><strong>sibyllarum</strong></span> <span class='ocrx_word' id='word_1_296' title='bbox 405 4227 519 4283; x_wconf 70' lang='lat' dir='ltr'><strong>vocibus,</strong></span> <span class='ocrx_word' id='word_1_297' title='bbox 544 4229 656 4290; x_wconf 70' lang='lat' dir='ltr'><strong>pestium</strong></span> <span class='ocrx_word' id='word_1_298' title='bbox 680 4230 756 4277; x_wconf 75' lang='lat' dir='ltr'><strong>stiam</strong></span> <span class='ocrx_word' id='word_1_299' title='bbox 779 4231 942 4288; x_wconf 60' lang='lat' dir='ltr'><strong>lenimentis,</strong></span> <span class='ocrx_word' id='word_1_300' title='bbox 967 4230 1074 4294; x_wconf 67' lang='lat' dir='ltr'><strong>deniqne</strong></span> <span class='ocrx_word' id='word_1_301' title='bbox 1096 4228 1233 4278; x_wconf 74' lang='lat' dir='ltr'><strong>maltorum</strong></span> <span class='ocrx_word' id='word_1_302' title='bbox 1256 4232 1366 4277; x_wconf 63' lang='lat' dir='ltr'><strong>aalma</strong></span> 
     </span>
     <span class='ocr_line' id='line_1_38' title="bbox 170 4311 1364 4376; baseline -0.003 -11"><span class='ocrx_word' id='word_1_303' title='bbox 170 4320 301 4365; x_wconf 66' lang='lat' dir='ltr'><strong>Maca»</strong></span> <span class='ocrx_word' id='word_1_304' title='bbox 318 4313 406 4363; x_wconf 73' lang='lat' dir='ltr'><strong>Libris</strong></span> <span class='ocrx_word' id='word_1_305' title='bbox 422 4313 561 4376; x_wconf 77' lang='lat' dir='ltr'><strong>descripto,</strong></span> <span class='ocrx_word' id='word_1_306' title='bbox 579 4315 695 4375; x_wconf 70' lang='lat' dir='ltr'><strong>exposita</strong></span> <span class='ocrx_word' id='word_1_307' title='bbox 712 4318 738 4363; x_wconf 79' lang='lat' dir='ltr'><strong>st</strong></span> <span class='ocrx_word' id='word_1_308' title='bbox 755 4313 826 4363; x_wconf 74' lang='lat' dir='ltr'><strong>edito</strong></span> <span class='ocrx_word' id='word_1_309' title='bbox 841 4314 1030 4372; x_wconf 75' lang='lat' dir='ltr'><strong>Graeculols&#39;ns,</strong></span> <span class='ocrx_word' id='word_1_310' title='bbox 1049 4331 1065 4362; x_wconf 84' lang='lat' dir='ltr'><strong>a</strong></span> <span class='ocrx_word' id='word_1_311' title='bbox 1083 4314 1163 4363; x_wconf 68' lang='lat' dir='ltr'><strong>Mica.</strong></span> <span class='ocrx_word' id='word_1_312' title='bbox 1178 4313 1299 4363; x_wconf 64' lang='lat' dir='ltr'><strong>Neandro</strong></span> <span class='ocrx_word' id='word_1_313' title='bbox 1319 4311 1364 4361; x_wconf 80' lang='lat' dir='ltr'><strong>So·</strong></span> 
     </span>
     <span class='ocr_line' id='line_1_39' title="bbox 169 4396 626 4460; baseline -0.007 -10"><span class='ocrx_word' id='word_1_314' title='bbox 169 4403 292 4450; x_wconf 65' lang='lat' dir='ltr'><strong>ramses.</strong></span> <span class='ocrx_word' id='word_1_315' title='bbox 306 4399 382 4448; x_wconf 78' lang='lat'>1564.</span> <span class='ocrx_word' id='word_1_316' title='bbox 406 4396 519 4460; x_wconf 77' lang='lat' dir='ltr'><strong>(lterum</strong></span> <span class='ocrx_word' id='word_1_317' title='bbox 538 4396 626 4458; x_wconf 75' lang='lat'><strong>15⁶7.)</strong></span> 
     </span>
    </p>
   </div>
   <div class='ocr_carea' id='block_1_7' title="bbox 0 0 1487 4912">
    <p class='ocr_par' dir='ltr' id='par_1_7' title="bbox 0 0 1487 4912">
     <span class='ocr_line' id='line_1_40' title="bbox 0 0 1487 4912; baseline 0 0"><span class='ocrx_word' id='word_1_318' title='bbox 0 0 1487 4912; x_wconf 95' lang='lat' dir='ltr'><strong> </strong></span> 
     </span>
    </p>
   </div>
  </div>
 </body>
</html>
