2962 4912
531 325 802 377 raonncounui.
1083 396 1088 406 Ι
1195 344 1267 388 xcv
1298 384 1301 389 ,

185 482 331 562 mussona,
364 471 505 540 ἁωῆλθε
536 471 744 560 ωαραχρῆμα
776 481 826 540 καὶ
858 474 1048 561 ἆμήγγειλε
1077 471 1130 560 τῷ
1160 482 1266 561 ωατρῑ

185 585 281 655 αὐτοῦ
296 586 428 671 Ἰωσήφ
453 594 513 653 etc.

141 710 165 791 b)
182 700 326 769 Accessit
353 700 396 764 ad
424 698 583 765 infantem
610 697 678 763 ihm
707 704 741 763 et
771 700 928 765 monebat
957 698 1050 764 illum
1077 699 1188 764 dicens
1220 699 1266 764 Ut

182 813 254 897 quid
276 811 337 876 hec
360 811 451 893 facie,
474 817 507 876 et
528 810 641 876 dolent
663 810 720 874 isti
743 817 777 875 et
799 810 916 875 odiunt
937 832 1006 876 nos.
1049 811 1097 875 Et
1112 812 1195 875 dixit
1217 812 1266 875 in·

181 925 248 989 fans
266 908 318 988 ibs
341 923 378 988 Si
401 943 469 986 non
496 923 663 1004 sapientes
692 927 788 986 erant
814 942 981 987 sermones
1003 959 1042 972 ·-
1073 920 1122 988 cf.
1144 922 1266 987 ibidem

181 1036 223 1118 V,
247 1038 274 1099 l.
314 1037 382 1098 Καὶ
409 1033 744 1118 ωροσκαλεσάμεμοσ
774 1031 940 1116 ὃἸωσέιῴ
966 1033 1009 1096 τὸ
1030 1036 1165 1117 ωαιδῐομ
1189 1033 1260 1096 κατ’

180 1150 257 1232 ἶδίαμ
282 1146 454 1230 ἑμουθέτει
478 1143 581 1229 αῡτὸμ
604 1149 725 1230 λέγωμ
741 1145 812 1228 ’Ἱμα
833 1147 865 1207 τί
888 1139 1030 1208 τοιαῦτα
1058 1145 1266 1231 κατεργᾶςει,

182 1263 227 1321 καὶ
255 1257 453 1342 ωάσχουσιμ
483 1254 575 1320 οὗτοι
608 1260 658 1319 καῖ
690 1251 839 1340 μισοῦσιμ
872 1250 963 1340 uude
993 1262 1044 1320 καὶ
1075 1260 1268 1340 διώκουσιμ;

182 1373 259 1433 ctare
283 1371 321 1431 δὲ
345 1363 514 1432 ὂἹΗσοῦσ
530 1368 639 1452 Ἐγὼ
664 1369 738 1430 οῖδα
764 1367 813 1430 ὅτι
836 1365 881 1430 τὰ
909 1368 1038 1452 ῥήματά
1067 1393 1130 1432 σου
1156 1363 1267 1431 ταῦτα

182 1480 235 1544 οὐκ
257 1483 339 1563 εῑσῑμ
364 1479 410 1542 cd
439 1485 499 1544 etc.
543 1478 809 1543 Pseudo-Matth.
831 1478 972 1544 XXIX.
1006 1479 1132 1562 Evang.
1152 1478 1269 1545 Thom.

180 1590 268 1656 latin.
291 1589 332 1672 V,
355 1592 410 1654 2.'

139 1711 161 1790 c)
181 1703 274 1785 Rogo
305 1722 373 1766 vos.
425 1699 505 1765 Non
537 1705 653 1786 (potius
679 1699 805 1783 Nnmt)
837 1701 933 1766 deret
963 1702 1017 1767 hic
1049 1723 1146 1785 super
1177 1710 1269 1769 terra

183 1835 256 1880 esse.
308 1813 376 1878 Hic
407 1833 485 1878 vero
517 1833 655 1895 magnae
686 1813 793 1878 crucis
823 1813 942 1896 dignus
974 1819 1041 1879 est:
1074 1814 1128 1880 hic
1158 1820 1270 1899 potest
1329 1876 1334 1891 Ι

182 1927 264 1991 enim
296 1925 405 2008 ignem
437 1925 638 2006 extinguere.
691 1923 779 1989 Puto
811 1925 865 1990 hic
895 1929 972 1991 ante
995 1964 1038 1976 -·
1075 1925 1124 1993 Of.
1145 1927 1268 1992 ibidem

183 2034 259 2117 VII,
282 2039 311 2102 2.
343 2027 454 2120 'Apop
479 2027 536 2120 οὗμ
560 2035 654 2111 αὐτό,
677 2044 874 2120 ωαρακαλῶ
899 2061 950 2113 σε,
974 2037 1106 2122 ἅδελῴὲ
1121 2038 1267 2122 Ἰωσὴφ·

184 2147 220 2212 οὐ
240 2151 337 2231 ᾡέραο
361 2185 376 2198 -
392 2184 407 2197 -
432 2148 535 2230 durae.
571 2143 676 2211 τοῦτο
699 2147 741 2211 τὸ
763 2150 899 2233 ωαιδίομ
923 2148 1081 2234 γαγεμιδσ
1103 2149 1161 2214 οὐκ
1184 2157 1268 2224 ἔστι,

184 2254 281 2322 τοῦτο
314 2258 450 2343 δύμαται
478 2263 528 2322 καὶ
557 2253 627 2342 ωὓρ
657 2259 816 2341 δαμάσαι·
861 2259 953 2344 τάχα
980 2255 1085 2325 τοῦτο
1111 2260 1181 2345 ωρὸ
1203 2257 1270 2325 uic

184 2372 407 2454 κοσμοωοιίασ
423 2371 515 2453 ἑστῑμ
527 2373 793 2454 γεγεμμαμέμομ.
816 2371 1233 2455 Pseudo-MatthXXXI,
1240 2374 1269 2436 3.

182 2481 269 2547 Tunc
298 2483 408 2565 coepit
435 2482 562 2546 cunctis
589 2480 799 2546 audientibus
826 2481 968 2548 clamare
991 2490 1025 2548 et
1046 2484 1155 2548 dicere
1176 2482 1265 2548 Num

184 2592 275 2658 debet
301 2593 365 2657 iste
393 2612 491 2674 super
519 2598 609 2656 terra
631 2591 766 2656 vivere?
808 2593 882 2658 Imo
906 2594 941 2657 in
962 2615 1083 2677 magna
1105 2616 1200 2659 cruce
1222 2595 1269 2660 di·

184 2723 262 2786 gnus
288 2709 339 2767 est
361 2702 512 2785 appendi.
555 2700 644 2767 Nam
667 2708 778 2785 potest
799 2704 909 2786 ignem
932 2706 1124 2789 extinguere
1147 2712 1180 2770 et
1202 2705 1268 2772 alia

186 2812 334 2879 deludere
355 2819 529 2879 tormenta.
566 2814 640 2897 Ego
660 2821 741 2897 puto
758 2814 846 2896 quod
869 2815 922 2880 hic
944 2821 1022 2881 ante
1043 2817 1269 2882 cataclismum

184 2925 289 3007 fuerit,
311 2931 390 2989 ante
412 2924 569 2989 diluvium
591 2911 698 2990 natus.

140 3034 165 3119 d)
184 3072 213 3085 ··
227 3035 406 3117 fructuosa,
422 3036 536 3100 vident
554 3038 642 3102 caeci
660 3036 831 3103 fructuosa
848 3038 1017 3123 iudiciis).
1061 3040 1107 3103 Et
1122 3041 1269 3105 restituti

143 3188 146 3195 ·
184 3152 257 3211 sunt
284 3167 396 3212 omnes
419 3149 476 3229 qui
499 3153 576 3212 sunt
598 3148 774 3214 maledicti.
818 3150 865 3214 Et
886 3171 981 3214 nemo
1005 3151 1035 3215 ei
1057 3152 1200 3218 audebat
1222 3154 1269 3217 vi·

183 3257 242 3322 lem
265 3261 296 3341 (i.
312 3283 336 3320 e.
360 3259 457 3343 bilsen)
480 3257 595 3324 facere.
641 3259 690 3325 cf.
712 3282 829 3344 graece
850 3261 885 3326 A
906 3260 1009 3328 VIII.
1031 3301 1072 3313 --
1094 3259 1170 3348 Νῦμ
1193 3288 1270 3349 καρ-

184 3372 450 3454 ωοῴορεῐταασαμ
482 3369 527 3432 τὰ
558 3370 621 3447 σά,
662 3376 712 3434 καὶ
744 3375 980 3457 Βλεωέτωσαμ
1014 3378 1044 3437 οῖ
1073 3381 1196 3458 τυφλοὶ
1227 3371 1269 3459 τῇ

183 3483 291 3565 καρδίᾳ
315 3518 330 3531 -
345 3517 361 3530 -
384 3480 520 3546 εὖθέωσ
543 3483 726 3567 ἑσώθΗσαμ
751 3485 782 3546 οἷ
804 3484 945 3568 ωάμτεσ
967 3490 998 3550 οἷ
1022 3485 1094 3549 ῡωὸ
1120 3485 1182 3570 reip
1212 3511 1269 3550 κα-

182 3591 284 3675 τὰραμ
317 3588 423 3656 αὐτοῦ
453 3593 643 3678 ωεσόμτεσ.
689 3599 740 3657 καὶ
773 3594 884 3659 οὖδεῐσ
916 3594 991 3660 duab
1021 3597 1104 3660 τότε
1137 3596 1268 3681 ἐτόλμα

182 3707 386 3788 ωαροργίσαι
410 3704 523 3788 αὖτόμ.
554 3705 822 3772 Pseudo-Matth.
838 3706 980 3791 XXXI,
995 3711 1024 3773 4.
1053 3707 1270 3775 Fructificent

181 3813 376 3880 infructuosi
399 3822 434 3880 et
454 3816 588 3882 videant
609 3819 698 3883 caeci
721 3830 773 3882 etc.

137 3927 161 4008 e)
181 3924 226 3988 Et
246 3947 313 3991 una
331 3927 458 3991 dierum
479 3916 530 3992 ibe
553 3929 690 3994 sabbato
712 3928 847 3994 ludebat
869 3951 942 3995 cum
964 3931 1146 3998 infantibus
1165 3934 1201 3998 in
1218 3953 1269 3998 so·

181 4036 278 4118 lario,
307 4042 340 4103 et
366 4059 450 4102 unus
472 4037 512 4104 de
539 4038 720 4104 infantibus
748 4040 867 4105 cecidit
893 4048 926 4107 et
947 4048 1096 4108 mortuus
1119 4049 1177 4110 est.
1221 4044 1268 4110 Et

182 4169 255 4212 cnm
277 4148 435 4216 vidissent
456 4151 558 4216 ceteri
579 4151 732 4234 infantes,
755 4151 919 4236 fugerunt,
941 4159 975 4219 et
997 4176 1218 4238 conpraensus
1233 4193 1268 4207 ··

183 4257 231 4324 CI
253 4280 370 4343 graece
391 4260 426 4324 A
453 4263 489 4342 9,
513 4264 540 4326 l.
584 4265 651 4326 Καὶ
681 4262 752 4346 μεθ’
785 4262 914 4348 ᾗμέρασ
940 4267 977 4329 δέ
999 4290 1097 4350 τιμασ
1125 4274 1266 4352 &morgen

183 4367 357 4435 d'iuuodc
385 4379 422 4456 ἔμ
449 4396 509 4457 τιμι
538 4376 665 4457 δώματι
694 4376 730 4458 ἑμ
759 4374 929 4460 ῡωερῲῳ,
957 4381 1007 4442 καὶ
1030 4383 1067 4460 ἓμ
1090 4383 1163 4461 τῶμ
1185 4403 1268 4442 mui-
