2962 4912
529 326 696 377 vrunrcm
717 329 942 380 sshvnTOlsls.
1060 390 1065 395 ,
1272 333 1336 395 483

228 477 255 514 ²⁸
269 475 363 541 Tunc
380 474 534 540 Tiberius
555 477 735 560 imperator
757 479 870 545 audito
889 481 1005 547 nuntio
1021 481 1194 550 Velosiani
1211 506 1335 551 summe

140 579 271 658 gavisus
295 582 353 658 est,
378 583 412 642 et
433 577 531 641 iussit
553 584 591 642 ut
612 578 739 643 veniret
760 580 802 645 ad
824 580 953 646 faciem.
998 581 1064 667 Qui
1086 604 1161 648 cum
1184 585 1336 668 venisset,

140 681 268 745 vocavit
290 702 364 745 enm
386 680 499 745 dicens
521 679 707 762 Vclosiane,
730 683 893 765 quomodo
916 686 1042 765 venisti,
1068 686 1203 770 etquid
1225 687 1336 753 vidisti

140 785 174 847 in
197 785 332 868 regione
354 783 500 849 Iudaeae
524 784 563 849 de
586 783 720 850 Christo
742 784 874 852 domino
898 792 931 853 et
953 787 1123 870 discipulis
1146 789 1242 856 eius?
1279 789 1335 856 In·

139 888 215 954 dica
237 890 317 953 nrihi
340 910 464 972 quaeso
487 894 682 954 sanaturum
704 912 756 954 me
779 890 819 955 de
842 891 1033 958 infirmitate
1055 915 1129 959 mea
1151 900 1187 959 ut
1211 896 1336 978 possim

139 991 249 1054 subito
278 990 431 1055 mundari
453 1013 473 1054 a
494 989 588 1074 lepra
610 991 677 1055 ista
698 1013 798 1074 quam
820 992 926 1058 habeo
950 1015 1049 1077 super
1072 1017 1190 1078 corpus
1218 1017 1336 1079 meum,

139 1099 174 1157 et
196 1099 303 1157 totum
325 1114 463 1176 regnum
486 1113 593 1157 meum
615 1093 650 1156 in
673 1098 836 1176 potestate
858 1094 920 1159 tibi
942 1100 977 1160 et
999 1096 1061 1161 sibi
1083 1096 1190 1163 trado.

226 1214 254 1252 ²⁹
279 1213 376 1277 Dixit
409 1218 520 1279 autem
550 1210 749 1280 Velosianus
779 1214 923 1280 Domine
960 1215 1004 1280 mi
1039 1216 1237 1299 imperator,
1274 1239 1334 1302 ego

139 1337 252 1381 servos
280 1315 391 1379 inveni
415 1312 529 1379 Titum
556 1319 590 1380 et
612 1312 853 1397 Vespasianum
872 1317 915 1394 ,in
941 1316 1069 1383 Iudaea
1098 1318 1252 1384 timentes
1279 1319 1336 1386 do·

139 1420 277 1499 minum,
305 1424 338 1482 et
366 1412 515 1483 mundati
543 1423 621 1484 sunt
643 1418 685 1483 ab
707 1418 859 1483 omnibus
881 1419 1048 1485 ulceribus
1070 1426 1104 1485 et
1126 1422 1336 1504 passionibus

139 1524 216 1587 suis.
260 1523 307 1587 Et
338 1522 447 1587 inveni
478 1544 538 1606 per
566 1523 678 1589 Titum
707 1544 820 1588 omnes
847 1545 942 1606 reges
973 1530 1007 1589 et
1034 1525 1257 1592 dominatores
1278 1527 1335 1592 Iu-

139 1628 242 1693 daeae
267 1649 457 1710 suspensos3
487 1627 605 1694 Annas
627 1634 661 1694 et
683 1627 836 1711 Cayphas
862 1626 1002 1710 lapidati
1029 1636 1120 1712 sunt,
1146 1629 1336 1696 Archelaus

138 1735 173 1798 in
196 1733 373 1814 semetipso
395 1733 583 1812 lanceatus3
614 1731 759 1798 Pilatum
786 1737 897 1798 autem
920 1733 954 1796 in
976 1731 1144 1800 Damasco
1168 1734 1276 1800 dimisi
1296 1735 1336 1800 li·

138 1844 252 1921 gatum
275 1843 308 1902 et
329 1838 364 1901 in
387 1857 520 1902 carcere
544 1837 689 1920 positum
713 1836 774 1901 sub
796 1834 863 1901 fida
885 1836 1044 1903 custodia.
1088 1837 1154 1905 Sed
1176 1840 1275 1905 etiam
1294 1839 1334 1905 de

137 1943 216 2008 Iesu
245 1942 403 2025 comperi,
430 1941 465 2005 in
489 1962 586 2024 quem
614 1941 756 2023 pessime
778 1940 896 2006 Iudaei
924 1942 1092 2006 irruerunt
1119 1962 1194 2007 cum
1216 1943 1336 2026 gladiis

139 2052 172 2112 et
202 2046 345 2111 fustibus
376 2050 410 2109 et
441 2046 542 2109 armis
573 2050 606 2110 et
637 2043 872 2109 crucifixerunt
907 2065 999 2125 eum,
1037 2045 1094 2128 qui
1129 2066 1190 2111 nos
1221 2045 1335 2113 debuit

137 2150 280 2214 liberare
302 2152 336 2213 et
356 2146 543 2213 illuminare
567 2153 600 2212 et
621 2147 733 2212 venire
761 2147 803 2212 ad
830 2169 903 2228 nos,
932 2153 966 2214 et
992 2147 1234 2231 suspenderunt
1261 2171 1335 2215 enm
1433 2228 1437 2239 Ι

136 2254 171 2317 in
200 2253 298 2336 ligno.
342 2251 389 2317 Es
417 2251 508 2316 venit
535 2251 656 2335 Ioseph
682 2249 727 2317 ab
749 2250 943 2316 Arimathia
970 2256 1005 2317 et
1029 2249 1233 2317 Nicodemus
1261 2274 1336 2318 cum

138 2381 194 2439 eo,
233 2358 343 2422 ferens
374 2356 537 2421 mixturae
568 2355 724 2440 myrrhae
756 2362 790 2421 et
820 2356 910 2422 aloes
941 2356 1038 2440 quasi
1068 2356 1172 2424 libras
1203 2364 1335 2423 centum

138 2466 275 2543 propter
311 2479 431 2541 corpus
461 2456 587 2523 Christi
622 2458 827 2540 ungendum:
865 2463 899 2523 et
929 2458 1154 2542 deposuerunt
1188 2480 1263 2525 eum
1294 2459 1334 2524 de

139 2586 237 2629 cruce
269 2569 303 2628 et
332 2567 513 2645 posuerunt
542 2561 577 2626 in
607 2568 820 2628 monumento
851 2583 945 2628 noro.
997 2561 1113 2628 Tertia
1142 2568 1251 2629 autem
1283 2563 1335 2629 die

138 2669 321 2734 certissime
349 2667 532 2732 resurrexit
560 2689 581 2731 a
608 2665 762 2746 mortuis,
794 2671 828 2731 et
854 2665 1078 2731 manifestavit
1105 2688 1139 2731 se
1166 2666 1336 2750 discipulis

138 2770 206 2834 suis
233 2770 268 2833 in
296 2768 409 2834 eadem
439 2789 538 2834 carne
563 2770 598 2833 in
620 2789 687 2850 qua
708 2774 806 2832 natus
827 2767 945 2832 luerat.
989 2765 1131 2832 Demum
1160 2773 1236 2850 post
1258 2790 1336 2853 qua·
1430 2798 1453 2831 a

138 2874 291 2957 draginta
319 2873 389 2939 dies
418 2873 573 2938 viderunt
603 2871 836 2938 ascendentem
867 2871 902 2935 in
933 2871 1070 2937 coelum
1122 2871 1234 2939 Multa
1264 2874 1336 2957 qui·

138 2979 213 3043 dem
241 2983 275 3042 et
303 2977 372 3043 alia
399 2978 494 3061 signa
520 2976 601 3042 fecit
627 2976 722 3042 Iesus
751 2981 827 3042 ante
855 2976 1040 3059 passionem
1067 2998 1160 3042 suam
1188 2983 1221 3042 et
1251 2983 1335 3061 post.

137 3083 288 3147 Primum
320 3082 360 3147 de
397 3103 484 3165 aqua
512 3081 624 3146 vinnm
657 3081 751 3162 fecit,
786 3086 936 3146 mortuos
967 3081 1151 3163 suscitavit,
1186 3082 1335 3165 leprosos

138 3182 324 3267 mundarit,
361 3204 477 3250 caecos
508 3183 721 3265 illuminavit,
754 3181 957 3266 paralyticos
988 3182 1129 3266 curavit,
1160 3181 1335 3249 daemoms

137 3287 280 3368 fugavit,
312 3286 429 3350 surdos
460 3284 573 3351 audire
603 3285 699 3367 fecit,
730 3292 838 3351 mutos
867 3285 976 3369 loqui3
1006 3284 1172 3351 Lanarum
1204 3286 1334 3370 quadri·

224 3549 266 3595 28.
290 3552 318 3597 st
335 3546 432 3595 erubet
449 3545 483 3593 ad
493 3547 592 3611 saetam
611 3561 642 3595 ex
656 3546 726 3608 Veu;
743 3546 810 3594 Amb
829 3562 883 3595 snm
900 3548 986 3595 venire
1003 3550 1063 3594 caia
1078 3551 1234 3608 conspersam
1245 3563 1314 3595 sama
1329 3543 1332 3610 Ι

138 3638 288 3684 sanderum
306 3648 343 3681 me
360 3632 405 3680 da.-
429 3633 457 3680 in
476 3632 534 3696 ipso
553 3632 645 3682 codice
664 3639 707 3681 est
725 3633 860 3682 sanitatem
877 3649 953 3695 saper
970 3649 1007 3681 aaa
1025 3634 1056 3681 de

226 3718 302 3767 llSax
324 3718 362 3766 Er
383 3716 499 3766 liberius
514 3716 590 3765 ealda
604 3711 709 3780 posim
726 3724 772 3775 ert,
789 3723 815 3767 et
833 3719 952 3768 invitavit
974 3716 1137 3768 Volusianum
1155 3723 1184 3767 st
1201 3717 1251 3767 cito
1269 3717 1334 3767 reai-

138 3810 179 3854 ret
201 3805 235 3853 ad
260 3820 295 3852 aa.
332 3803 370 3850 Er
392 3802 479 3850 aaron
502 3803 672 3865 ssarropasir
695 3819 749 3852 sam
767 3804 828 3867 pas'd
845 3804 981 3854 iacuisset
998 3806 1024 3853 ia
1042 3804 1141 3853 larteso
1159 3803 1225 3868 qaod
1242 3805 1335 3852 aliast

139 3893 302 3942 Salvator-em
319 3889 359 3938 sel
376 3888 516 3951 diecspslos
533 3892 601 3946 siuas
625 3905 687 3954 rope
705 3894 730 3939 ta
748 3896 775 3940 st
794 3891 820 3940 s'd
839 3908 909 3941 omna
926 3893 998 3941 dicor
1015 3892 1085 3940 mibi.

225 3980 267 4027 29.
299 3976 376 4026 Dixit
394 3980 476 4026 ostem
493 4000 503 4010 -
520 3975 564 4024 aab
579 3975 641 4041 fide
662 3977 792 4027 sauata:
817 3978 860 4026 his
878 3978 944 4028 satis
962 3976 1108 4041 respondet
1125 3976 1209 4027 aasz.
1244 3976 1335 4026 Titum

139 4065 209 4115 enim
230 4071 258 4112 et
276 4061 468 4126 Vespasianum
488 4059 648 4112 Volusianus
672 4062 739 4112 dicis
761 4061 930 4112 fidelissimos
954 4078 1031 4127 reges
1053 4062 1180 4118 vicariam
1204 4063 1334 4128 guberna·

140 4159 225 4199 torem
238 4148 353 4198 Iudaeae
367 4160 535 4210 suspensum,
552 4143 697 4210 Caiapham
712 4150 741 4195 et
753 4145 911 4196 Archelaum
923 4146 1067 4216 lapidatos,
1086 4147 1203 4197 Pilatum
1221 4147 1334 4214 ligatum

139 4240 168 4287 in
187 4239 274 4286 t'errea
292 4248 373 4283 cavea
391 4231 509 4296 positum
528 4237 556 4281 st
573 4232 602 4281 in
620 4231 686 4280 urbe
704 4230 834 4281 Damasco
853 4247 958 4283 carcere
976 4233 1117 4284 inclusum.

226 4321 277 4370 Sal
300 4320 377 4367 etiam
394 4317 425 4366 da
443 4316 502 4366 Iesu
524 4316 633 4379 comperi
657 4313 780 4378 (comperi
801 4315 834 4366 de
853 4318 1007 4368 coniectura
1024 4316 1129 4381 addidi)
1147 4323 1209 4382 port
1231 4317 1272 4380 (in
1292 4333 1333 4367 co·

154 4409 213 4458 dico
238 4412 280 4457 est
301 4402 361 4471 per)
386 4402 561 4471 quadruplata
583 4401 639 4452 dies
655 4426 665 4437 ·
682 4417 770 4453 sanam
785 4402 869 4468 serit:
893 4402 959 4454 haec
982 4419 1014 4453 aa
1033 4404 1138 4453 Veneto
1159 4404 1248 4468 petits
1265 4404 1334 4453 mult

1068 4504 1121 4556 31*
