<?xml version="1.0" encoding="UTF-8"?>
<!DOCTYPE html PUBLIC "-//W3C//DTD XHTML 1.0 Transitional//EN"
    "http://www.w3.org/TR/xhtml1/DTD/xhtml1-transitional.dtd">
<html xmlns="http://www.w3.org/1999/xhtml" xml:lang="en" lang="en">
 <head>
  <title>
</title>
<meta http-equiv="Content-Type" content="text/html;charset=utf-8" />
  <meta name='ocr-system' content='tesseract 3.04.00' />
  <meta name='ocr-capabilities' content='ocr_page ocr_carea ocr_par ocr_line ocrx_word'/>
</head>
<body>
  <div class='ocr_page' id='page_1' title='image "./evangeliaapocry00tiscgoog_0291.png"; bbox 0 0 3000 4912; ppageno 0'>
   <div class='ocr_carea' id='block_1_1' title="bbox 149 289 1188 354">
    <p class='ocr_par' dir='ltr' id='par_1_1' title="bbox 149 289 1188 354">
     <span class='ocr_line' id='line_1_1' title="bbox 149 289 1188 354; baseline 0 -13"><span class='ocrx_word' id='word_1_1' title='bbox 149 291 209 354; x_wconf 82' lang='grc'><strong>192</strong></span> <span class='ocrx_word' id='word_1_2' title='bbox 307 289 958 343; x_wconf 72' lang='grc'><strong>11111111111111111111111111111101111.</strong></span> <span class='ocrx_word' id='word_1_3' title='bbox 985 291 1188 343; x_wconf 73' lang='grc'><strong>1111111111.</strong></span> 
     </span>
    </p>
   </div>
   <div class='ocr_carea' id='block_1_2' title="bbox 66 440 1355 1453">
    <p class='ocr_par' dir='ltr' id='par_1_2' title="bbox 66 440 1355 1453">
     <span class='ocr_line' id='line_1_2' title="bbox 149 440 1351 525; baseline 0.002 -20"><span class='ocrx_word' id='word_1_4' title='bbox 149 441 290 507; x_wconf 90' lang='lat' dir='ltr'><strong>domina</strong></span> <span class='ocrx_word' id='word_1_5' title='bbox 299 440 414 506; x_wconf 90' lang='lat' dir='ltr'><strong>Maria</strong></span> <span class='ocrx_word' id='word_1_6' title='bbox 430 440 607 506; x_wconf 87' lang='lat' dir='ltr'><strong>sublatum</strong></span> <span class='ocrx_word' id='word_1_7' title='bbox 624 440 802 506; x_wconf 91' lang='lat' dir='ltr'><strong>dominum</strong></span> <span class='ocrx_word' id='word_1_8' title='bbox 814 441 933 508; x_wconf 89' lang='lat' dir='ltr'><strong>Iesum</strong></span> <span class='ocrx_word' id='word_1_9' title='bbox 950 442 1053 507; x_wconf 91' lang='lat' dir='ltr'><strong>dorso</strong></span> <span class='ocrx_word' id='word_1_10' title='bbox 1069 442 1155 507; x_wconf 90' lang='lat' dir='ltr'><strong>muli</strong></span> <span class='ocrx_word' id='word_1_11' title='bbox 1172 443 1351 525; x_wconf 81' lang='lat' dir='ltr'><strong>imposuit,</strong></span> 
     </span>
     <span class='ocr_line' id='line_1_3' title="bbox 150 542 1351 629; baseline 0.001 -19"><span class='ocrx_word' id='word_1_12' title='bbox 150 553 185 610; x_wconf 89' lang='lat' dir='ltr'><strong>et</strong></span> <span class='ocrx_word' id='word_1_13' title='bbox 209 543 304 611; x_wconf 86' lang='lat' dir='ltr'><strong>flevit</strong></span> <span class='ocrx_word' id='word_1_14' title='bbox 328 546 405 629; x_wconf 88' lang='lat' dir='ltr'><strong>ipsa</strong></span> <span class='ocrx_word' id='word_1_15' title='bbox 429 546 563 628; x_wconf 91' lang='lat' dir='ltr'><strong>pariter</strong></span> <span class='ocrx_word' id='word_1_16' title='bbox 586 550 692 628; x_wconf 91' lang='lat' dir='ltr'><strong>atque</strong></span> <span class='ocrx_word' id='word_1_17' title='bbox 720 546 885 611; x_wconf 90' lang='lat' dir='ltr'><strong>mulieres</strong></span> <span class='ocrx_word' id='word_1_18' title='bbox 910 546 1008 628; x_wconf 87' lang='lat' dir='ltr'><strong>illae,</strong></span> <span class='ocrx_word' id='word_1_19' title='bbox 1035 552 1071 610; x_wconf 89' lang='lat' dir='ltr'><strong>et</strong></span> <span class='ocrx_word' id='word_1_20' title='bbox 1091 545 1174 611; x_wconf 91' lang='lat' dir='ltr'><strong>Iesu</strong></span> <span class='ocrx_word' id='word_1_21' title='bbox 1198 542 1351 627; x_wconf 80' lang='lat' dir='ltr'><strong>Christo,</strong></span> 
     </span>
     <span class='ocr_line' id='line_1_4' title="bbox 148 640 1350 734; baseline -0.003 -18"><span class='ocrx_word' id='word_1_22' title='bbox 148 640 263 733; x_wconf 83' lang='lat' dir='ltr'><strong>Heus,</strong></span> <span class='ocrx_word' id='word_1_23' title='bbox 286 651 417 734; x_wconf 86' lang='lat' dir='ltr'><strong>inquit,</strong></span> <span class='ocrx_word' id='word_1_24' title='bbox 440 649 487 713; x_wconf 91' lang='lat' dir='ltr'><strong>mi</strong></span> <span class='ocrx_word' id='word_1_25' title='bbox 509 649 574 731; x_wconf 82' lang='lat' dir='ltr'><strong>fili,</strong></span> <span class='ocrx_word' id='word_1_26' title='bbox 597 669 682 713; x_wconf 88' lang='lat' dir='ltr'><strong>sana</strong></span> <span class='ocrx_word' id='word_1_27' title='bbox 697 647 791 713; x_wconf 86' lang='lat' dir='ltr'><strong>hunc</strong></span> <span class='ocrx_word' id='word_1_28' title='bbox 808 649 938 713; x_wconf 91' lang='lat' dir='ltr'><strong>mulum</strong></span> <span class='ocrx_word' id='word_1_29' title='bbox 961 648 1087 713; x_wconf 83' lang='lat' dir='ltr'><strong>eximia</strong></span> <span class='ocrx_word' id='word_1_30' title='bbox 1102 653 1165 712; x_wconf 91' lang='lat' dir='ltr'><strong>tua</strong></span> <span class='ocrx_word' id='word_1_31' title='bbox 1179 648 1350 731; x_wconf 87' lang='lat' dir='ltr'><strong>potentia,</strong></span> 
     </span>
     <span class='ocr_line' id='line_1_5' title="bbox 150 751 1353 834; baseline -0.002 -15"><span class='ocrx_word' id='word_1_32' title='bbox 150 761 185 819; x_wconf 91' lang='lat' dir='ltr'><strong>et</strong></span> <span class='ocrx_word' id='word_1_33' title='bbox 200 754 255 818; x_wconf 88' lang='lat' dir='ltr'><strong>fac</strong></span> <span class='ocrx_word' id='word_1_34' title='bbox 272 775 350 818; x_wconf 89' lang='lat' dir='ltr'><strong>eum</strong></span> <span class='ocrx_word' id='word_1_35' title='bbox 366 752 540 818; x_wconf 90' lang='lat' dir='ltr'><strong>hominem</strong></span> <span class='ocrx_word' id='word_1_36' title='bbox 557 753 693 817; x_wconf 87' lang='lat' dir='ltr'><strong>ratione</strong></span> <span class='ocrx_word' id='word_1_37' title='bbox 710 751 908 834; x_wconf 89' lang='lat' dir='ltr'><strong>praeditum</strong></span> <span class='ocrx_word' id='word_1_38' title='bbox 925 751 1040 834; x_wconf 89' lang='lat' dir='ltr'><strong>qualis</strong></span> <span class='ocrx_word' id='word_1_39' title='bbox 1056 757 1161 816; x_wconf 87' lang='lat' dir='ltr'><strong>antea</strong></span> <span class='ocrx_word' id='word_1_40' title='bbox 1177 757 1262 817; x_wconf 85' lang='lat' dir='ltr'><strong>erat.</strong></span> <span class='ocrx_word' id='word_1_41' title='bbox 1303 751 1353 817; x_wconf 88' lang='lat' dir='ltr'><strong>Ut</strong></span> 
     </span>
     <span class='ocr_line' id='line_1_6' title="bbox 149 854 1354 939; baseline -0.002 -18"><span class='ocrx_word' id='word_1_42' title='bbox 149 856 234 922; x_wconf 86' lang='lat' dir='ltr'><strong>haee</strong></span> <span class='ocrx_word' id='word_1_43' title='bbox 250 881 313 923; x_wconf 79' lang='lat' dir='ltr'><strong>vox</strong></span> <span class='ocrx_word' id='word_1_44' title='bbox 335 879 376 923; x_wconf 85' lang='lat' dir='ltr'><strong>ex</strong></span> <span class='ocrx_word' id='word_1_45' title='bbox 393 877 452 921; x_wconf 92' lang='lat' dir='ltr'><strong>ore</strong></span> <span class='ocrx_word' id='word_1_46' title='bbox 470 855 630 920; x_wconf 90' lang='lat' dir='ltr'><strong>dominae</strong></span> <span class='ocrx_word' id='word_1_47' title='bbox 647 854 752 921; x_wconf 89' lang='lat' dir='ltr'><strong>herae</strong></span> <span class='ocrx_word' id='word_1_48' title='bbox 769 855 903 921; x_wconf 91' lang='lat' dir='ltr'><strong>Mariae</strong></span> <span class='ocrx_word' id='word_1_49' title='bbox 920 855 1066 939; x_wconf 68' lang='lat' dir='ltr'><strong>promit,</strong></span> <span class='ocrx_word' id='word_1_50' title='bbox 1089 861 1224 920; x_wconf 91' lang='lat' dir='ltr'><strong>mutata</strong></span> <span class='ocrx_word' id='word_1_51' title='bbox 1239 854 1354 920; x_wconf 88' lang='lat' dir='ltr'><strong>forma</strong></span> 
     </span>
     <span class='ocr_line' id='line_1_7' title="bbox 66 957 1351 1042; baseline -0.002 -16"><span class='ocrx_word' id='word_1_52' title='bbox 66 969 69 974; x_wconf 81' lang='grc'><em>“</em></span> <span class='ocrx_word' id='word_1_53' title='bbox 148 962 215 1026; x_wconf 90' lang='lat' dir='ltr'><strong>iste</strong></span> <span class='ocrx_word' id='word_1_54' title='bbox 235 960 349 1026; x_wconf 91' lang='lat' dir='ltr'><strong>mulus</strong></span> <span class='ocrx_word' id='word_1_55' title='bbox 366 959 468 1024; x_wconf 92' lang='lat' dir='ltr'><strong>homo</strong></span> <span class='ocrx_word' id='word_1_56' title='bbox 485 958 599 1023; x_wconf 86' lang='lat' dir='ltr'><strong>sactus</strong></span> <span class='ocrx_word' id='word_1_57' title='bbox 617 964 671 1023; x_wconf 91' lang='lat' dir='ltr'><strong>est</strong></span> <span class='ocrx_word' id='word_1_58' title='bbox 692 958 898 1023; x_wconf 84' lang='lat' dir='ltr'><strong>adolescens</strong></span> <span class='ocrx_word' id='word_1_59' title='bbox 921 958 963 1023; x_wconf 89' lang='lat' dir='ltr'><strong>ab</strong></span> <span class='ocrx_word' id='word_1_60' title='bbox 988 958 1080 1023; x_wconf 91' lang='lat' dir='ltr'><strong>omni</strong></span> <span class='ocrx_word' id='word_1_61' title='bbox 1102 957 1180 1023; x_wconf 91' lang='lat' dir='ltr'><strong>labe</strong></span> <span class='ocrx_word' id='word_1_62' title='bbox 1201 958 1351 1042; x_wconf 80' lang='lat' dir='ltr'><strong>integer.</strong></span> 
     </span>
     <span class='ocr_line' id='line_1_8' title="bbox 149 1060 1353 1147; baseline -0.002 -19"><span class='ocrx_word' id='word_1_63' title='bbox 149 1063 248 1129; x_wconf 80' lang='lat' dir='ltr'><strong>Tune</strong></span> <span class='ocrx_word' id='word_1_64' title='bbox 266 1066 341 1147; x_wconf 90' lang='lat' dir='ltr'><strong>ipse</strong></span> <span class='ocrx_word' id='word_1_65' title='bbox 363 1083 403 1128; x_wconf 88' lang='lat' dir='ltr'><strong>ae</strong></span> <span class='ocrx_word' id='word_1_66' title='bbox 424 1067 535 1127; x_wconf 85' lang='lat' dir='ltr'><strong>mater</strong></span> <span class='ocrx_word' id='word_1_67' title='bbox 557 1061 632 1126; x_wconf 89' lang='lat' dir='ltr'><strong>eius</strong></span> <span class='ocrx_word' id='word_1_68' title='bbox 655 1067 690 1126; x_wconf 90' lang='lat' dir='ltr'><strong>et</strong></span> <span class='ocrx_word' id='word_1_69' title='bbox 711 1081 848 1127; x_wconf 88' lang='lat' dir='ltr'><strong>sorores</strong></span> <span class='ocrx_word' id='word_1_70' title='bbox 870 1060 1045 1126; x_wconf 91' lang='lat' dir='ltr'><strong>dominam</strong></span> <span class='ocrx_word' id='word_1_71' title='bbox 1067 1060 1184 1125; x_wconf 91' lang='lat' dir='ltr'><strong>heram</strong></span> <span class='ocrx_word' id='word_1_72' title='bbox 1200 1060 1353 1126; x_wconf 89' lang='lat' dir='ltr'><strong>Mariam</strong></span> 
     </span>
     <span class='ocr_line' id='line_1_9' title="bbox 149 1164 1354 1249; baseline -0.002 -17"><span class='ocrx_word' id='word_1_73' title='bbox 149 1167 340 1232; x_wconf 76' lang='lat' dir='ltr'>adorarunt</span> <span class='ocrx_word' id='word_1_74' title='bbox 358 1187 399 1231; x_wconf 87' lang='lat' dir='ltr'><strong>ao</strong></span> <span class='ocrx_word' id='word_1_75' title='bbox 414 1186 561 1249; x_wconf 90' lang='lat' dir='ltr'><strong>puerum</strong></span> <span class='ocrx_word' id='word_1_76' title='bbox 581 1184 686 1246; x_wconf 89' lang='lat' dir='ltr'><strong>super</strong></span> <span class='ocrx_word' id='word_1_77' title='bbox 702 1165 819 1246; x_wconf 79' lang='lat' dir='ltr'><strong>eapIta</strong></span> <span class='ocrx_word' id='word_1_78' title='bbox 835 1185 898 1229; x_wconf 90' lang='lat' dir='ltr'><strong>sua</strong></span> <span class='ocrx_word' id='word_1_79' title='bbox 914 1164 1043 1228; x_wconf 86' lang='lat' dir='ltr'><strong>elatum</strong></span> <span class='ocrx_word' id='word_1_80' title='bbox 1060 1164 1212 1228; x_wconf 88' lang='lat' dir='ltr'><strong>oseulari</strong></span> <span class='ocrx_word' id='word_1_81' title='bbox 1229 1185 1354 1248; x_wconf 85' lang='lat' dir='ltr'><strong>eoepe-</strong></span> 
     </span>
     <span class='ocr_line' id='line_1_10' title="bbox 149 1266 1355 1352; baseline -0.002 -17"><span class='ocrx_word' id='word_1_82' title='bbox 149 1276 245 1352; x_wconf 89' lang='lat' dir='ltr'><strong>runt,</strong></span> <span class='ocrx_word' id='word_1_83' title='bbox 273 1271 446 1335; x_wconf 85' lang='lat' dir='ltr'><strong>dieentes:</strong></span> <span class='ocrx_word' id='word_1_84' title='bbox 483 1267 597 1332; x_wconf 90' lang='lat' dir='ltr'><strong>Beata</strong></span> <span class='ocrx_word' id='word_1_85' title='bbox 622 1273 675 1332; x_wconf 89' lang='lat' dir='ltr'><strong>est</strong></span> <span class='ocrx_word' id='word_1_86' title='bbox 700 1267 853 1350; x_wconf 78' lang='lat' dir='ltr'><strong>genitrix</strong></span> <span class='ocrx_word' id='word_1_87' title='bbox 877 1273 952 1347; x_wconf 88' lang='lat' dir='ltr'><strong>tua,</strong></span> <span class='ocrx_word' id='word_1_88' title='bbox 979 1287 998 1332; x_wconf 93' lang='lat' dir='ltr'><strong>o</strong></span> <span class='ocrx_word' id='word_1_89' title='bbox 1023 1266 1123 1347; x_wconf 89' lang='lat' dir='ltr'><strong>Iesu,</strong></span> <span class='ocrx_word' id='word_1_90' title='bbox 1150 1289 1169 1331; x_wconf 94' lang='lat' dir='ltr'><strong>o</strong></span> <span class='ocrx_word' id='word_1_91' title='bbox 1196 1274 1355 1334; x_wconf 82' lang='lat' dir='ltr'><strong>servator</strong></span> 
     </span>
     <span class='ocr_line' id='line_1_11' title="bbox 149 1369 1313 1453; baseline -0.002 -16"><span class='ocrx_word' id='word_1_92' title='bbox 149 1373 284 1453; x_wconf 90' lang='lat' dir='ltr'><strong>mundi;</strong></span> <span class='ocrx_word' id='word_1_93' title='bbox 301 1373 396 1437; x_wconf 88' lang='lat' dir='ltr'><strong>beati</strong></span> <span class='ocrx_word' id='word_1_94' title='bbox 413 1378 495 1436; x_wconf 85' lang='lat' dir='ltr'><strong>sunt</strong></span> <span class='ocrx_word' id='word_1_95' title='bbox 512 1370 605 1436; x_wconf 89' lang='lat' dir='ltr'><strong>oculi</strong></span> <span class='ocrx_word' id='word_1_96' title='bbox 623 1370 682 1453; x_wconf 91' lang='lat' dir='ltr'><strong>qui</strong></span> <span class='ocrx_word' id='word_1_97' title='bbox 699 1369 871 1434; x_wconf 84' lang='lat' dir='ltr'><strong>felicitate</strong></span> <span class='ocrx_word' id='word_1_98' title='bbox 888 1376 1051 1453; x_wconf 85' lang='lat' dir='ltr'><strong>aspectus</strong></span> <span class='ocrx_word' id='word_1_99' title='bbox 1068 1370 1120 1434; x_wconf 89' lang='lat' dir='ltr'><strong>tui</strong></span> <span class='ocrx_word' id='word_1_100' title='bbox 1137 1370 1313 1435; x_wconf 89' lang='lat' dir='ltr'><strong>fruuntur.</strong></span> 
     </span>
    </p>
   </div>
   <div class='ocr_carea' id='block_1_3' title="bbox 613 1606 884 1674">
    <p class='ocr_par' dir='ltr' id='par_1_3' title="bbox 613 1606 884 1674">
     <span class='ocr_line' id='line_1_12' title="bbox 613 1606 884 1674; baseline -0.011 0"><span class='ocrx_word' id='word_1_101' title='bbox 613 1607 734 1674; x_wconf 78' lang='lat' dir='ltr'><strong>Carur</strong></span> <span class='ocrx_word' id='word_1_102' title='bbox 757 1606 884 1672; x_wconf 91' lang='lat' dir='ltr'>XXII.</span> 
     </span>
    </p>
   </div>
   <div class='ocr_carea' id='block_1_4' title="bbox 148 1778 1354 2383">
    <p class='ocr_par' dir='ltr' id='par_1_4' title="bbox 148 1778 1354 2383">
     <span class='ocr_line' id='line_1_13' title="bbox 234 1778 1354 1864; baseline -0.001 -16"><span class='ocrx_word' id='word_1_103' title='bbox 234 1783 411 1848; x_wconf 86' lang='lat' dir='ltr'><strong>Dixerunt</strong></span> <span class='ocrx_word' id='word_1_104' title='bbox 425 1801 529 1864; x_wconf 91' lang='lat' dir='ltr'><strong>porro</strong></span> <span class='ocrx_word' id='word_1_105' title='bbox 550 1780 671 1846; x_wconf 83' lang='lat' dir='ltr'><strong>ambae</strong></span> <span class='ocrx_word' id='word_1_106' title='bbox 689 1800 826 1846; x_wconf 90' lang='lat' dir='ltr'><strong>sorores</strong></span> <span class='ocrx_word' id='word_1_107' title='bbox 843 1781 944 1845; x_wconf 91' lang='lat' dir='ltr'><strong>matri</strong></span> <span class='ocrx_word' id='word_1_108' title='bbox 961 1800 1060 1844; x_wconf 90' lang='lat' dir='ltr'><strong>suae:</strong></span> <span class='ocrx_word' id='word_1_109' title='bbox 1091 1778 1267 1862; x_wconf 85' lang='lat' dir='ltr'><strong>Equidem</strong></span> <span class='ocrx_word' id='word_1_110' title='bbox 1284 1781 1354 1847; x_wconf 81' lang='lat' dir='ltr'><strong>fra·</strong></span> 
     </span>
     <span class='ocr_line' id='line_1_14' title="bbox 149 1881 1352 1953; baseline -0.002 0"><span class='ocrx_word' id='word_1_111' title='bbox 149 1894 204 1953; x_wconf 90' lang='lat' dir='ltr'><strong>ter</strong></span> <span class='ocrx_word' id='word_1_112' title='bbox 223 1892 344 1952; x_wconf 90' lang='lat' dir='ltr'><strong>noster</strong></span> <span class='ocrx_word' id='word_1_113' title='bbox 364 1884 494 1950; x_wconf 87' lang='lat' dir='ltr'><strong>auxilio</strong></span> <span class='ocrx_word' id='word_1_114' title='bbox 518 1883 650 1949; x_wconf 91' lang='lat' dir='ltr'><strong>domini</strong></span> <span class='ocrx_word' id='word_1_115' title='bbox 670 1882 754 1948; x_wconf 88' lang='lat' dir='ltr'><strong>Iesu</strong></span> <span class='ocrx_word' id='word_1_116' title='bbox 772 1881 904 1948; x_wconf 77' lang='lat' dir='ltr'><strong>Christi</strong></span> <span class='ocrx_word' id='word_1_117' title='bbox 926 1888 962 1948; x_wconf 88' lang='lat' dir='ltr'><strong>et</strong></span> <span class='ocrx_word' id='word_1_118' title='bbox 982 1882 1128 1947; x_wconf 86' lang='lat' dir='ltr'><strong>salutari</strong></span> <span class='ocrx_word' id='word_1_119' title='bbox 1149 1883 1352 1951; x_wconf 85' lang='lat' dir='ltr'><strong>interventu</strong></span> 
     </span>
     <span class='ocr_line' id='line_1_15' title="bbox 148 1985 1351 2075; baseline -0.001 -20"><span class='ocrx_word' id='word_1_120' title='bbox 148 1991 287 2075; x_wconf 87' lang='lat' dir='ltr'><strong>puellae</strong></span> <span class='ocrx_word' id='word_1_121' title='bbox 305 1990 423 2071; x_wconf 83' lang='lat' dir='ltr'><strong>istius,</strong></span> <span class='ocrx_word' id='word_1_122' title='bbox 447 2010 536 2071; x_wconf 91' lang='lat' dir='ltr'><strong>quae</strong></span> <span class='ocrx_word' id='word_1_123' title='bbox 552 1987 686 2053; x_wconf 88' lang='lat' dir='ltr'><strong>Mariae</strong></span> <span class='ocrx_word' id='word_1_124' title='bbox 710 1994 745 2052; x_wconf 86' lang='lat' dir='ltr'><strong>et</strong></span> <span class='ocrx_word' id='word_1_125' title='bbox 761 1987 826 2052; x_wconf 91' lang='lat' dir='ltr'><strong>filii</strong></span> <span class='ocrx_word' id='word_1_126' title='bbox 849 1987 924 2052; x_wconf 90' lang='lat' dir='ltr'><strong>eius</strong></span> <span class='ocrx_word' id='word_1_127' title='bbox 947 1986 1117 2051; x_wconf 87' lang='lat' dir='ltr'><strong>indicium</strong></span> <span class='ocrx_word' id='word_1_128' title='bbox 1134 1985 1235 2051; x_wconf 92' lang='lat' dir='ltr'><strong>nobis</strong></span> <span class='ocrx_word' id='word_1_129' title='bbox 1253 1986 1351 2070; x_wconf 84' lang='lat' dir='ltr'><strong>fecit,</strong></span> 
     </span>
     <span class='ocr_line' id='line_1_16' title="bbox 148 2090 1354 2159; baseline -0.002 0"><span class='ocrx_word' id='word_1_130' title='bbox 148 2096 185 2159; x_wconf 90' lang='lat' dir='ltr'><strong>in</strong></span> <span class='ocrx_word' id='word_1_131' title='bbox 201 2094 386 2158; x_wconf 88' lang='lat' dir='ltr'><strong>humanam</strong></span> <span class='ocrx_word' id='word_1_132' title='bbox 402 2093 548 2158; x_wconf 83' lang='lat' dir='ltr'><strong>formam</strong></span> <span class='ocrx_word' id='word_1_133' title='bbox 566 2098 704 2157; x_wconf 90' lang='lat' dir='ltr'><strong>erectus</strong></span> <span class='ocrx_word' id='word_1_134' title='bbox 721 2097 785 2156; x_wconf 89' lang='lat' dir='ltr'><strong>est.</strong></span> <span class='ocrx_word' id='word_1_135' title='bbox 809 2090 912 2155; x_wconf 85' lang='lat' dir='ltr'><strong>Nune</strong></span> <span class='ocrx_word' id='word_1_136' title='bbox 923 2111 1002 2156; x_wconf 84' lang='lat' dir='ltr'><strong>vero</strong></span> <span class='ocrx_word' id='word_1_137' title='bbox 1015 2111 1092 2155; x_wconf 85' lang='lat' dir='ltr'><strong>eum</strong></span> <span class='ocrx_word' id='word_1_138' title='bbox 1109 2090 1218 2155; x_wconf 86' lang='lat' dir='ltr'><strong>frater</strong></span> <span class='ocrx_word' id='word_1_139' title='bbox 1232 2099 1354 2157; x_wconf 86' lang='lat' dir='ltr'><strong>noster</strong></span> 
     </span>
     <span class='ocr_line' id='line_1_17' title="bbox 150 2193 1353 2278; baseline -0.001 -17"><span class='ocrx_word' id='word_1_140' title='bbox 150 2199 196 2262; x_wconf 91' lang='lat' dir='ltr'><strong>sit</strong></span> <span class='ocrx_word' id='word_1_141' title='bbox 207 2196 355 2277; x_wconf 77' lang='grc'><strong>11111111,</strong></span> <span class='ocrx_word' id='word_1_142' title='bbox 368 2196 531 2262; x_wconf 85' lang='lat' dir='ltr'><strong>convenit</strong></span> <span class='ocrx_word' id='word_1_143' title='bbox 540 2201 580 2260; x_wconf 88' lang='lat' dir='ltr'><strong>ut</strong></span> <span class='ocrx_word' id='word_1_144' title='bbox 589 2194 742 2278; x_wconf 85' lang='lat' dir='ltr'><strong>puellam</strong></span> <span class='ocrx_word' id='word_1_145' title='bbox 752 2194 852 2275; x_wconf 81' lang='lat' dir='ltr'><strong>hane,</strong></span> <span class='ocrx_word' id='word_1_146' title='bbox 864 2193 1028 2258; x_wconf 85' lang='lat' dir='ltr'><strong>famulam</strong></span> <span class='ocrx_word' id='word_1_147' title='bbox 1039 2193 1190 2274; x_wconf 91' lang='lat' dir='ltr'><strong>illorum,</strong></span> <span class='ocrx_word' id='word_1_148' title='bbox 1203 2201 1353 2277; x_wconf 88' lang='lat' dir='ltr'><strong>nuptum</strong></span> 
     </span>
     <span class='ocr_line' id='line_1_18' title="bbox 149 2296 1353 2383; baseline -0.002 -19"><span class='ocrx_word' id='word_1_149' title='bbox 149 2300 218 2383; x_wconf 88' lang='lat' dir='ltr'><strong>ipsi</strong></span> <span class='ocrx_word' id='word_1_150' title='bbox 234 2298 366 2364; x_wconf 88' lang='lat' dir='ltr'><strong>demus.</strong></span> <span class='ocrx_word' id='word_1_151' title='bbox 397 2299 477 2364; x_wconf 90' lang='lat' dir='ltr'><strong>Hoc</strong></span> <span class='ocrx_word' id='word_1_152' title='bbox 498 2320 575 2363; x_wconf 86' lang='lat' dir='ltr'><strong>eum</strong></span> <span class='ocrx_word' id='word_1_153' title='bbox 597 2297 715 2363; x_wconf 88' lang='lat' dir='ltr'><strong>heram</strong></span> <span class='ocrx_word' id='word_1_154' title='bbox 731 2296 881 2362; x_wconf 88' lang='lat' dir='ltr'><strong>Mariam</strong></span> <span class='ocrx_word' id='word_1_155' title='bbox 902 2302 1101 2380; x_wconf 84' lang='lat' dir='ltr'><strong>rogassent,</strong></span> <span class='ocrx_word' id='word_1_156' title='bbox 1123 2298 1270 2379; x_wconf 92' lang='lat' dir='ltr'><strong>ipsaque</strong></span> <span class='ocrx_word' id='word_1_157' title='bbox 1293 2319 1353 2362; x_wconf 89' lang='lat' dir='ltr'><strong>an·</strong></span> 
     </span>
    </p>
   </div>
   <div class='ocr_carea' id='block_1_5' title="bbox 147 2399 1364 3409">
    <p class='ocr_par' dir='ltr' id='par_1_5' title="bbox 147 2399 1364 3409">
     <span class='ocr_line' id='line_1_19' title="bbox 150 2399 1353 2485; baseline 0 -19"><span class='ocrx_word' id='word_1_158' title='bbox 150 2402 288 2466; x_wconf 90' lang='lat' dir='ltr'><strong>nuisset</strong></span> <span class='ocrx_word' id='word_1_159' title='bbox 306 2401 394 2484; x_wconf 89' lang='lat' dir='ltr'><strong>illis,</strong></span> <span class='ocrx_word' id='word_1_160' title='bbox 418 2400 621 2485; x_wconf 88' lang='lat' dir='ltr'><strong>splendidas</strong></span> <span class='ocrx_word' id='word_1_161' title='bbox 642 2399 725 2464; x_wconf 84' lang='lat' dir='ltr'><strong>huie</strong></span> <span class='ocrx_word' id='word_1_162' title='bbox 741 2399 880 2483; x_wconf 92' lang='lat' dir='ltr'><strong>puellae</strong></span> <span class='ocrx_word' id='word_1_163' title='bbox 905 2401 1046 2482; x_wconf 88' lang='lat' dir='ltr'><strong>nuptias</strong></span> <span class='ocrx_word' id='word_1_164' title='bbox 1068 2406 1293 2482; x_wconf 80' lang='lat' dir='ltr'><strong>paraverunt,</strong></span> <span class='ocrx_word' id='word_1_165' title='bbox 1318 2407 1353 2466; x_wconf 91' lang='lat' dir='ltr'><strong>et</strong></span> 
     </span>
     <span class='ocr_line' id='line_1_20' title="bbox 149 2501 1354 2586; baseline -0.001 -17"><span class='ocrx_word' id='word_1_166' title='bbox 149 2524 305 2569; x_wconf 89' lang='lat' dir='ltr'><strong>moerore</strong></span> <span class='ocrx_word' id='word_1_167' title='bbox 322 2504 359 2568; x_wconf 92' lang='lat' dir='ltr'><strong>in</strong></span> <span class='ocrx_word' id='word_1_168' title='bbox 374 2504 545 2568; x_wconf 92' lang='lat' dir='ltr'><strong>laetitiam</strong></span> <span class='ocrx_word' id='word_1_169' title='bbox 560 2503 775 2586; x_wconf 86' lang='lat' dir='ltr'><strong>planctuque</strong></span> <span class='ocrx_word' id='word_1_170' title='bbox 792 2503 828 2566; x_wconf 93' lang='lat' dir='ltr'><strong>in</strong></span> <span class='ocrx_word' id='word_1_171' title='bbox 844 2501 1037 2585; x_wconf 86' lang='lat' dir='ltr'><strong>tripudium</strong></span> <span class='ocrx_word' id='word_1_172' title='bbox 1049 2507 1258 2567; x_wconf 86' lang='lat' dir='ltr'><strong>commutato</strong></span> <span class='ocrx_word' id='word_1_173' title='bbox 1270 2524 1354 2586; x_wconf 91' lang='lat' dir='ltr'><strong>gau·</strong></span> 
     </span>
     <span class='ocr_line' id='line_1_21' title="bbox 149 2604 1353 2688; baseline 0.001 -17"><span class='ocrx_word' id='word_1_174' title='bbox 149 2607 231 2673; x_wconf 88' lang='lat' dir='ltr'><strong>dere</strong></span> <span class='ocrx_word' id='word_1_175' title='bbox 248 2606 373 2671; x_wconf 85' lang='lat' dir='ltr'><strong>laetari</strong></span> <span class='ocrx_word' id='word_1_176' title='bbox 394 2606 568 2671; x_wconf 88' lang='lat' dir='ltr'><strong>exsultare</strong></span> <span class='ocrx_word' id='word_1_177' title='bbox 591 2611 626 2670; x_wconf 87' lang='lat' dir='ltr'><strong>et</strong></span> <span class='ocrx_word' id='word_1_178' title='bbox 642 2625 766 2670; x_wconf 88' lang='lat' dir='ltr'><strong>canere</strong></span> <span class='ocrx_word' id='word_1_179' title='bbox 785 2611 992 2688; x_wconf 87' lang='lat' dir='ltr'><strong>coeperunt,</strong></span> <span class='ocrx_word' id='word_1_180' title='bbox 1016 2604 1058 2669; x_wconf 92' lang='lat' dir='ltr'><strong>ob</strong></span> <span class='ocrx_word' id='word_1_181' title='bbox 1076 2626 1235 2688; x_wconf 89' lang='lat' dir='ltr'><strong>magnam</strong></span> <span class='ocrx_word' id='word_1_182' title='bbox 1252 2606 1353 2672; x_wconf 84' lang='lat' dir='ltr'><strong>laeti-</strong></span> 
     </span>
     <span class='ocr_line' id='line_1_22' title="bbox 147 2706 1351 2792; baseline 0.002 -19"><span class='ocrx_word' id='word_1_183' title='bbox 147 2710 233 2773; x_wconf 90' lang='lat' dir='ltr'><strong>tiam</strong></span> <span class='ocrx_word' id='word_1_184' title='bbox 244 2707 528 2792; x_wconf 88' lang='lat' dir='ltr'><strong>splendidissimo</strong></span> <span class='ocrx_word' id='word_1_185' title='bbox 538 2708 667 2773; x_wconf 84' lang='lat' dir='ltr'><strong>vestitu</strong></span> <span class='ocrx_word' id='word_1_186' title='bbox 679 2707 853 2773; x_wconf 80' lang='lat' dir='ltr'><strong>otmundo</strong></span> <span class='ocrx_word' id='word_1_187' title='bbox 865 2714 1018 2773; x_wconf 88' lang='lat' dir='ltr'><strong>ornatae.</strong></span> <span class='ocrx_word' id='word_1_188' title='bbox 1043 2706 1183 2773; x_wconf 90' lang='lat' dir='ltr'><strong>Deinde</strong></span> <span class='ocrx_word' id='word_1_189' title='bbox 1196 2709 1351 2775; x_wconf 89' lang='lat' dir='ltr'><strong>carmina</strong></span> 
     </span>
     <span class='ocr_line' id='line_1_23' title="bbox 149 2810 1350 2895; baseline 0.002 -20"><span class='ocrx_word' id='word_1_190' title='bbox 149 2819 185 2875; x_wconf 91' lang='lat' dir='ltr'><strong>et</strong></span> <span class='ocrx_word' id='word_1_191' title='bbox 204 2810 326 2879; x_wconf 89' lang='lat' dir='ltr'><strong>laudes</strong></span> <span class='ocrx_word' id='word_1_192' title='bbox 347 2812 497 2876; x_wconf 88' lang='lat' dir='ltr'><strong>recitare</strong></span> <span class='ocrx_word' id='word_1_193' title='bbox 520 2831 560 2875; x_wconf 86' lang='lat' dir='ltr'><strong>ao</strong></span> <span class='ocrx_word' id='word_1_194' title='bbox 583 2810 698 2876; x_wconf 89' lang='lat' dir='ltr'><strong>dicere</strong></span> <span class='ocrx_word' id='word_1_195' title='bbox 723 2816 929 2894; x_wconf 88' lang='lat' dir='ltr'><strong>coeperunt:</strong></span> <span class='ocrx_word' id='word_1_196' title='bbox 962 2810 992 2876; x_wconf 90' lang='grc' dir='ltr'>Ο</span> <span class='ocrx_word' id='word_1_197' title='bbox 1016 2810 1097 2875; x_wconf 89' lang='lat' dir='ltr'><strong>Iesu</strong></span> <span class='ocrx_word' id='word_1_198' title='bbox 1119 2811 1168 2874; x_wconf 91' lang='lat' dir='ltr'><strong>fili</strong></span> <span class='ocrx_word' id='word_1_199' title='bbox 1191 2811 1350 2895; x_wconf 82' lang='lat' dir='ltr'><strong>Daridis,</strong></span> 
     </span>
     <span class='ocr_line' id='line_1_24' title="bbox 149 2913 1350 2998; baseline 0.002 -20"><span class='ocrx_word' id='word_1_200' title='bbox 149 2915 210 2998; x_wconf 90' lang='lat' dir='ltr'><strong>qui</strong></span> <span class='ocrx_word' id='word_1_201' title='bbox 230 2934 422 2979; x_wconf 91' lang='lat' dir='ltr'><strong>moerorem</strong></span> <span class='ocrx_word' id='word_1_202' title='bbox 445 2916 482 2979; x_wconf 93' lang='lat' dir='ltr'><strong>in</strong></span> <span class='ocrx_word' id='word_1_203' title='bbox 504 2914 669 2998; x_wconf 88' lang='lat' dir='ltr'><strong>gaudium</strong></span> <span class='ocrx_word' id='word_1_204' title='bbox 691 2918 726 2978; x_wconf 91' lang='lat' dir='ltr'><strong>et</strong></span> <span class='ocrx_word' id='word_1_205' title='bbox 746 2913 900 2978; x_wconf 87' lang='lat' dir='ltr'><strong>lamenta</strong></span> <span class='ocrx_word' id='word_1_206' title='bbox 920 2915 957 2978; x_wconf 94' lang='lat' dir='ltr'><strong>in</strong></span> <span class='ocrx_word' id='word_1_207' title='bbox 978 2913 1148 2979; x_wconf 86' lang='lat' dir='ltr'><strong>laetitiam</strong></span> <span class='ocrx_word' id='word_1_208' title='bbox 1166 2915 1350 2981; x_wconf 85' lang='lat' dir='ltr'><strong>convertis.</strong></span> 
     </span>
     <span class='ocr_line' id='line_1_25' title="bbox 147 3015 1349 3100; baseline 0.001 -18"><span class='ocrx_word' id='word_1_209' title='bbox 147 3016 428 3100; x_wconf 90' lang='lat' dir='ltr'><strong>Manseruntque</strong></span> <span class='ocrx_word' id='word_1_210' title='bbox 458 3016 509 3080; x_wconf 90' lang='lat' dir='ltr'><strong>ibi</strong></span> <span class='ocrx_word' id='word_1_211' title='bbox 534 3015 708 3100; x_wconf 90' lang='lat' dir='ltr'><strong>Iosephus</strong></span> <span class='ocrx_word' id='word_1_212' title='bbox 733 3021 768 3081; x_wconf 87' lang='lat' dir='ltr'><strong>et</strong></span> <span class='ocrx_word' id='word_1_213' title='bbox 791 3015 906 3081; x_wconf 91' lang='lat' dir='ltr'><strong>Maria</strong></span> <span class='ocrx_word' id='word_1_214' title='bbox 931 3016 1051 3082; x_wconf 89' lang='lat' dir='ltr'><strong>decem</strong></span> <span class='ocrx_word' id='word_1_215' title='bbox 1077 3016 1163 3082; x_wconf 90' lang='lat' dir='ltr'><strong>dies.</strong></span> <span class='ocrx_word' id='word_1_216' title='bbox 1208 3015 1349 3083; x_wconf 89' lang='lat' dir='ltr'><strong>Deinde</strong></span> 
     </span>
     <span class='ocr_line' id='line_1_26' title="bbox 147 3117 1351 3204; baseline 0.002 -21"><span class='ocrx_word' id='word_1_217' title='bbox 147 3119 298 3204; x_wconf 84' lang='lat' dir='ltr'><strong>profecti</strong></span> <span class='ocrx_word' id='word_1_218' title='bbox 316 3126 407 3201; x_wconf 89' lang='lat' dir='ltr'><strong>sunt,</strong></span> <span class='ocrx_word' id='word_1_219' title='bbox 430 3121 564 3202; x_wconf 86' lang='lat' dir='ltr'><strong>magnis</strong></span> <span class='ocrx_word' id='word_1_220' title='bbox 581 3117 774 3183; x_wconf 89' lang='lat' dir='ltr'><strong>honoribus</strong></span> <span class='ocrx_word' id='word_1_221' title='bbox 791 3119 834 3184; x_wconf 90' lang='lat' dir='ltr'><strong>ab</strong></span> <span class='ocrx_word' id='word_1_222' title='bbox 851 3118 906 3184; x_wconf 90' lang='lat' dir='ltr'><strong>his</strong></span> <span class='ocrx_word' id='word_1_223' title='bbox 923 3119 1123 3185; x_wconf 91' lang='lat' dir='ltr'><strong>hominibus</strong></span> <span class='ocrx_word' id='word_1_224' title='bbox 1143 3119 1271 3202; x_wconf 81' lang='lat' dir='ltr'><strong>affecti,</strong></span> <span class='ocrx_word' id='word_1_225' title='bbox 1289 3120 1351 3203; x_wconf 91' lang='lat' dir='ltr'><strong>qui</strong></span> 
     </span>
     <span class='ocr_line' id='line_1_27' title="bbox 147 3220 1364 3305; baseline 0.002 -18"><span class='ocrx_word' id='word_1_226' title='bbox 147 3221 219 3288; x_wconf 89' lang='lat' dir='ltr'><strong>illis</strong></span> <span class='ocrx_word' id='word_1_227' title='bbox 229 3221 482 3304; x_wconf 84' lang='lat' dir='ltr'><strong>valedixerunt,</strong></span> <span class='ocrx_word' id='word_1_228' title='bbox 500 3228 536 3287; x_wconf 92' lang='lat' dir='ltr'><strong>et</strong></span> <span class='ocrx_word' id='word_1_229' title='bbox 551 3220 808 3287; x_wconf 84' lang='lat' dir='ltr'><strong>avaledieendo</strong></span> <span class='ocrx_word' id='word_1_230' title='bbox 820 3223 1184 3305; x_wconf 80' lang='grc'><strong>11111111111111111111,</strong></span> <span class='ocrx_word' id='word_1_231' title='bbox 1202 3225 1364 3290; x_wconf 87' lang='lat' dir='ltr'><strong>maxime</strong></span> 
     </span>
     <span class='ocr_line' id='line_1_28' title="bbox 147 3324 360 3409; baseline 0 -19"><span class='ocrx_word' id='word_1_232' title='bbox 147 3325 216 3390; x_wconf 85' lang='lat' dir='ltr'><strong>ista</strong></span> <span class='ocrx_word' id='word_1_233' title='bbox 231 3324 360 3409; x_wconf 90' lang='lat' dir='ltr'><strong>puella.</strong></span> 
     </span>
    </p>
   </div>
   <div class='ocr_carea' id='block_1_6' title="bbox 603 3544 894 3612">
    <p class='ocr_par' dir='ltr' id='par_1_6' title="bbox 603 3544 894 3612">
     <span class='ocr_line' id='line_1_29' title="bbox 603 3544 894 3612; baseline 0 0"><span class='ocrx_word' id='word_1_234' title='bbox 603 3544 723 3612; x_wconf 75' lang='grc'><strong>(111111</strong></span> <span class='ocrx_word' id='word_1_235' title='bbox 747 3547 894 3612; x_wconf 91' lang='lat' dir='ltr'>XXIII.</span> 
     </span>
    </p>
   </div>
   <div class='ocr_carea' id='block_1_7' title="bbox 148 3719 1350 3908">
    <p class='ocr_par' dir='ltr' id='par_1_7' title="bbox 148 3719 1350 3908">
     <span class='ocr_line' id='line_1_30' title="bbox 232 3719 1350 3804; baseline 0.004 -21"><span class='ocrx_word' id='word_1_236' title='bbox 232 3719 327 3784; x_wconf 86' lang='lat' dir='ltr'><strong>Hine</strong></span> <span class='ocrx_word' id='word_1_237' title='bbox 344 3719 493 3803; x_wconf 85' lang='lat' dir='ltr'><strong>digressi</strong></span> <span class='ocrx_word' id='word_1_238' title='bbox 510 3740 587 3783; x_wconf 84' lang='lat' dir='ltr'><strong>eum</strong></span> <span class='ocrx_word' id='word_1_239' title='bbox 608 3719 645 3783; x_wconf 91' lang='lat' dir='ltr'><strong>in</strong></span> <span class='ocrx_word' id='word_1_240' title='bbox 664 3724 792 3784; x_wconf 89' lang='lat' dir='ltr'><strong>terram</strong></span> <span class='ocrx_word' id='word_1_241' title='bbox 810 3719 983 3784; x_wconf 89' lang='lat' dir='ltr'><strong>desertam</strong></span> <span class='ocrx_word' id='word_1_242' title='bbox 999 3722 1242 3804; x_wconf 85' lang='lat' dir='ltr'><strong>pervenissent</strong></span> <span class='ocrx_word' id='word_1_243' title='bbox 1259 3742 1350 3787; x_wconf 88' lang='lat' dir='ltr'><strong>eam·</strong></span> 
     </span>
     <span class='ocr_line' id='line_1_31' title="bbox 148 3821 1350 3908; baseline 0.003 -21"><span class='ocrx_word' id='word_1_244' title='bbox 148 3844 214 3906; x_wconf 92' lang='lat' dir='ltr'><strong>que</strong></span> <span class='ocrx_word' id='word_1_245' title='bbox 242 3821 439 3887; x_wconf 82' lang='lat' dir='ltr'><strong>latrociniis</strong></span> <span class='ocrx_word' id='word_1_246' title='bbox 469 3822 634 3887; x_wconf 82' lang='lat' dir='ltr'><strong>infestam</strong></span> <span class='ocrx_word' id='word_1_247' title='bbox 660 3843 736 3887; x_wconf 87' lang='lat' dir='ltr'><strong>esse</strong></span> <span class='ocrx_word' id='word_1_248' title='bbox 767 3822 963 3904; x_wconf 88' lang='lat' dir='ltr'><strong>audissent,</strong></span> <span class='ocrx_word' id='word_1_249' title='bbox 995 3824 1168 3908; x_wconf 90' lang='lat' dir='ltr'><strong>Iosephus</strong></span> <span class='ocrx_word' id='word_1_250' title='bbox 1199 3832 1234 3890; x_wconf 90' lang='lat' dir='ltr'><strong>et</strong></span> <span class='ocrx_word' id='word_1_251' title='bbox 1263 3824 1350 3892; x_wconf 89' lang='lat' dir='ltr'><strong>hera</strong></span> 
     </span>
    </p>
   </div>
   <div class='ocr_carea' id='block_1_8' title="bbox 57 3925 1350 4012">
    <p class='ocr_par' dir='ltr' id='par_1_8' title="bbox 57 3925 1350 4012">
     <span class='ocr_line' id='line_1_32' title="bbox 57 3925 1350 4012; baseline 0.004 -23"><span class='ocrx_word' id='word_1_252' title='bbox 57 3946 59 3951; x_wconf 86' lang='lat'><em>·</em></span> <span class='ocrx_word' id='word_1_253' title='bbox 146 3925 261 3990; x_wconf 89' lang='lat' dir='ltr'><strong>Maria</strong></span> <span class='ocrx_word' id='word_1_254' title='bbox 286 3926 465 4009; x_wconf 87' lang='lat' dir='ltr'><strong>regionem</strong></span> <span class='ocrx_word' id='word_1_255' title='bbox 490 3925 580 3991; x_wconf 86' lang='lat' dir='ltr'><strong>hanc</strong></span> <span class='ocrx_word' id='word_1_256' title='bbox 606 3931 712 3990; x_wconf 84' lang='lat' dir='ltr'><strong>noctu</strong></span> <span class='ocrx_word' id='word_1_257' title='bbox 737 3927 899 3992; x_wconf 89' lang='lat' dir='ltr'><strong>traiicere</strong></span> <span class='ocrx_word' id='word_1_258' title='bbox 925 3930 1134 4012; x_wconf 85' lang='lat' dir='ltr'><strong>cogitarunt.</strong></span> <span class='ocrx_word' id='word_1_259' title='bbox 1179 3925 1230 3992; x_wconf 83' lang='lat' dir='ltr'><strong>At</strong></span> <span class='ocrx_word' id='word_1_260' title='bbox 1255 3929 1350 3994; x_wconf 91' lang='lat' dir='ltr'><strong>inter</strong></span> 
     </span>
    </p>
   </div>
   <div class='ocr_carea' id='block_1_9' title="bbox 148 4027 1350 4217">
    <p class='ocr_par' dir='ltr' id='par_1_9' title="bbox 148 4027 1350 4217">
     <span class='ocr_line' id='line_1_33' title="bbox 148 4027 1350 4114; baseline 0.005 -22"><span class='ocrx_word' id='word_1_261' title='bbox 148 4028 300 4093; x_wconf 90' lang='lat' dir='ltr'><strong>eundum</strong></span> <span class='ocrx_word' id='word_1_262' title='bbox 326 4048 406 4093; x_wconf 86' lang='lat' dir='ltr'><strong>eece</strong></span> <span class='ocrx_word' id='word_1_263' title='bbox 429 4028 516 4094; x_wconf 87' lang='lat' dir='ltr'><strong>duos</strong></span> <span class='ocrx_word' id='word_1_264' title='bbox 541 4029 578 4093; x_wconf 94' lang='lat' dir='ltr'><strong>in</strong></span> <span class='ocrx_word' id='word_1_265' title='bbox 598 4029 654 4093; x_wconf 85' lang='lat' dir='ltr'><strong>via</strong></span> <span class='ocrx_word' id='word_1_266' title='bbox 677 4027 832 4094; x_wconf 85' lang='lat' dir='ltr'><strong>latrones</strong></span> <span class='ocrx_word' id='word_1_267' title='bbox 857 4032 1080 4114; x_wconf 85' lang='lat' dir='ltr'><strong>conspiciunt</strong></span> <span class='ocrx_word' id='word_1_268' title='bbox 1101 4031 1287 4112; x_wconf 85' lang='lat' dir='ltr'><strong>cubantes,</strong></span> <span class='ocrx_word' id='word_1_269' title='bbox 1314 4037 1350 4098; x_wconf 85' lang='grc'><strong>11</strong></span> 
     </span>
     <span class='ocr_line' id='line_1_34' title="bbox 148 4132 1348 4217; baseline 0.001 -19"><span class='ocrx_word' id='word_1_270' title='bbox 148 4154 225 4198; x_wconf 88' lang='lat' dir='ltr'><strong>cum</strong></span> <span class='ocrx_word' id='word_1_271' title='bbox 241 4132 313 4198; x_wconf 86' lang='lat' dir='ltr'><strong>illis</strong></span> <span class='ocrx_word' id='word_1_272' title='bbox 325 4132 587 4198; x_wconf 84' lang='lat' dir='ltr'><strong>multitudinem</strong></span> <span class='ocrx_word' id='word_1_273' title='bbox 597 4132 771 4198; x_wconf 87' lang='lat' dir='ltr'><strong>latronum</strong></span> <span class='ocrx_word' id='word_1_274' title='bbox 783 4134 842 4217; x_wconf 92' lang='lat' dir='ltr'><strong>qui</strong></span> <span class='ocrx_word' id='word_1_275' title='bbox 859 4134 999 4200; x_wconf 92' lang='lat' dir='ltr'><strong>illorum</strong></span> <span class='ocrx_word' id='word_1_276' title='bbox 1011 4135 1096 4200; x_wconf 81' lang='lat' dir='ltr'><strong>socii</strong></span> <span class='ocrx_word' id='word_1_277' title='bbox 1108 4140 1209 4199; x_wconf 90' lang='lat' dir='ltr'><strong>erant</strong></span> <span class='ocrx_word' id='word_1_278' title='bbox 1224 4134 1348 4200; x_wconf 87' lang='lat' dir='ltr'><strong>itidem</strong></span> 
     </span>
    </p>
   </div>
   <div class='ocr_carea' id='block_1_10' title="bbox 214 4342 1271 4491">
    <p class='ocr_par' dir='ltr' id='par_1_10' title="bbox 214 4342 1271 4491">
     <span class='ocr_line' id='line_1_35' title="bbox 214 4342 1271 4411; baseline 0.003 -20"><span class='ocrx_word' id='word_1_279' title='bbox 214 4342 298 4391; x_wconf 83' lang='lat' dir='ltr'><strong>xxll.</strong></span> <span class='ocrx_word' id='word_1_280' title='bbox 317 4343 431 4394; x_wconf 71' lang='grc'><strong>11111111</strong></span> <span class='ocrx_word' id='word_1_281' title='bbox 441 4346 598 4395; x_wconf 77' lang='lat' dir='ltr'><strong>interventa:</strong></span> <span class='ocrx_word' id='word_1_282' title='bbox 614 4346 654 4395; x_wconf 83' lang='lat' dir='ltr'><strong>ita</strong></span> <span class='ocrx_word' id='word_1_283' title='bbox 666 4346 706 4395; x_wconf 82' lang='lat' dir='ltr'><strong>Fl.</strong></span> <span class='ocrx_word' id='word_1_284' title='bbox 720 4360 768 4410; x_wconf 89' lang='lat' dir='ltr'><strong>pro</strong></span> <span class='ocrx_word' id='word_1_285' title='bbox 781 4345 959 4405; x_wconf 73' lang='lat' dir='ltr'><strong>benedictione,</strong></span> <span class='ocrx_word' id='word_1_286' title='bbox 974 4346 1044 4410; x_wconf 86' lang='lat' dir='ltr'><strong>qnod</strong></span> <span class='ocrx_word' id='word_1_287' title='bbox 1058 4351 1117 4397; x_wconf 83' lang='grc'><strong>1111</strong></span> <span class='ocrx_word' id='word_1_288' title='bbox 1129 4346 1202 4411; x_wconf 78' lang='lat' dir='ltr'><strong>apud</strong></span> <span class='ocrx_word' id='word_1_289' title='bbox 1215 4347 1271 4397; x_wconf 80' lang='lat' dir='ltr'>Sik.</span> 
     </span>
     <span class='ocr_line' id='line_1_36' title="bbox 216 4429 788 4491; baseline 0.007 -13"><span class='ocrx_word' id='word_1_290' title='bbox 216 4429 369 4491; x_wconf 74' lang='lat' dir='ltr'><strong>an&#39;pudium:</strong></span> <span class='ocrx_word' id='word_1_291' title='bbox 381 4430 420 4480; x_wconf 87' lang='grc'><strong>111</strong></span> <span class='ocrx_word' id='word_1_292' title='bbox 433 4430 488 4491; x_wconf 80' lang='lat' dir='ltr'><strong>r1.;</strong></span> <span class='ocrx_word' id='word_1_293' title='bbox 502 4429 558 4480; x_wconf 80' lang='lat' dir='ltr'><strong>sik.</strong></span> <span class='ocrx_word' id='word_1_294' title='bbox 571 4436 691 4483; x_wconf 79' lang='lat' dir='ltr'><strong>verterat</strong></span> <span class='ocrx_word' id='word_1_295' title='bbox 702 4431 788 4482; x_wconf 71' lang='grc'><strong>111111</strong></span> 
     </span>
    </p>
   </div>
   <div class='ocr_carea' id='block_1_11' title="bbox 0 0 1504 4912">
    <p class='ocr_par' dir='ltr' id='par_1_11' title="bbox 0 0 1504 4912">
     <span class='ocr_line' id='line_1_37' title="bbox 0 0 1504 4912; baseline 0 0"><span class='ocrx_word' id='word_1_296' title='bbox 0 0 1504 4912; x_wconf 95' lang='lat' dir='ltr'><strong> </strong></span> 
     </span>
    </p>
   </div>
  </div>
 </body>
</html>
