2962 4912
142 262 202 325 118
423 267 469 317 on
487 269 701 321 uumvrrxru
720 272 862 322 uxama.
890 271 964 323 car.
983 272 1058 323 v111.
1279 280 1295 319 a

139 420 355 505 paruissent,
379 418 454 483 sola
469 418 564 502 virgo
582 419 714 486 domini
730 420 844 487 Maria
865 420 931 487 hoc
954 443 990 487 se
1012 421 1128 488 facere
1151 444 1221 489 non
1237 444 1344 506 posse

139 523 336 608 respondit,
358 512 479 587 dicens
501 543 537 587 se
556 523 697 606 quidem
719 530 754 588 et
769 531 933 608 parentes
951 545 1032 591 suos
1050 525 1183 591 domini
1200 525 1345 592 servitio

139 628 369 711 mancipasse,
391 632 425 690 et
444 627 589 709 insuper
605 647 642 692 se
658 629 770 710 ipsam
787 628 928 693 domino
944 629 1181 711 virginitatem
1196 629 1345 708 vovisse,

140 752 242 814 quam
259 749 446 812 numquam
456 729 528 794 viro
546 729 664 813 aliquo
682 731 937 796 commixtionis
954 752 1048 796 more
1060 733 1200 816 cognito
1211 731 1346 798 violare

139 833 254 899 vellet.
278 831 446 897 Pontifex
456 853 535 897 vero
553 833 589 896 in
606 834 770 916 angustia
781 835 993 899 constitutus
1004 835 1121 917 animi,
1139 857 1217 901 cum
1229 855 1345 919 neque

140 942 261 1003 contra
277 936 485 1018 scripturam
497 956 585 1019 quae
600 935 699 1001 dicit:
720 936 852 1003 Vovete
869 943 904 1002 et
920 936 1067 1019 reddite,
1084 944 1202 1003 votnm
1219 938 1346 1004 infrin-

139 1039 290 1123 gendum
315 1044 472 1121 putaret,
499 1059 613 1122 neque
639 1060 768 1105 morem
794 1040 891 1123 genti
916 1041 1092 1105 insuetum
1117 1042 1344 1107 introducere

139 1143 300 1224 auderet,
322 1142 503 1225 praecepit
524 1149 564 1207 ut
584 1142 628 1208 ad
645 1143 870 1208 festivitatem
888 1164 976 1226 quae
997 1144 1201 1210 imminebat
1220 1166 1342 1210 omnes

139 1267 181 1311 ex
200 1244 457 1328 Hierosolymis
480 1251 516 1311 et
536 1245 660 1310 vicinis
682 1245 770 1311 locis
791 1246 961 1329 primores
986 1246 1167 1329 adessent,
1194 1270 1345 1332 quorum

140 1350 288 1415 consilio
310 1348 399 1413 scire
422 1355 543 1432 posset
563 1348 647 1432 quid
671 1348 713 1413 de
736 1355 806 1414 tam
827 1349 934 1414 dubia
954 1371 991 1415 re
1014 1342 1213 1416 faciendum
1236 1358 1342 1416 esset.

139 1454 151 1494 ³
173 1451 276 1537 Quod
302 1473 379 1516 oum
405 1451 519 1533 lieret,
545 1452 707 1517 omnibus
732 1453 972 1518 incommune
1001 1453 1135 1536 placuit
1160 1454 1344 1520 dominum

139 1577 245 1639 super
264 1555 328 1621 hac
351 1577 387 1620 re
411 1577 486 1621 esse
510 1555 774 1621 consulendum.
803 1555 853 1620 Et
872 1557 1008 1622 cunctis
1026 1557 1167 1641 quidem
1189 1560 1344 1624 orationi

139 1658 424 1724 incumbentibus
441 1658 600 1742 pontifex
615 1657 660 1723 ad
675 1658 927 1723 consulendum
939 1659 1041 1724 deum
1059 1682 1099 1725 ex
1115 1683 1209 1727 more
1227 1683 1346 1728 acces·

139 1766 198 1829 sit:
223 1785 287 1829 neo
303 1785 414 1843 mora,
437 1763 573 1828 cunctis
595 1763 821 1828 audientibus
838 1763 880 1828 de
899 1763 1040 1828 oraculo
1064 1770 1099 1829 et
1115 1764 1157 1830 de
1173 1766 1348 1849 propitia·

138 1869 219 1933 torii
245 1867 322 1933 loco
343 1887 407 1932 vox
427 1866 522 1932 facta
543 1872 610 1949 est,
637 1867 829 1932 secundum
850 1867 977 1932 Esaiae
998 1868 1201 1933 vaticinium
1227 1869 1347 1952 requi·

138 1970 285 2036 rendum
302 1968 378 2035 esse
397 1971 452 2035 cui
465 1971 560 2054 virgo
578 1969 641 2034 illa
657 1970 890 2034 commendari
908 1976 944 2035 et
960 1970 1166 2053 desponsari
1184 1971 1345 2037 deberet.

137 2073 269 2156 Liquet
286 2073 378 2138 enim
388 2072 530 2137 Esaiam
547 2072 677 2137 dicere:
699 2072 913 2155 Egredietur
928 2072 1025 2157 virga
1041 2073 1083 2138 de
1101 2073 1218 2138 radice
1231 2073 1345 2153 Iesse,

139 2183 174 2242 et
189 2176 253 2241 flos
271 2176 313 2241 de
331 2176 448 2241 radice
466 2176 540 2240 eius
558 2175 736 2256 ascendet,
758 2180 793 2240 et
808 2175 1007 2258 requiescet
1023 2198 1129 2259 super
1145 2198 1223 2242 eum
1241 2177 1347 2260 spiri·

138 2287 194 2346 tus
213 2280 356 2360 domini,
374 2280 519 2363 spiritus
536 2279 731 2362 sapientiae
750 2284 785 2343 et
800 2278 1013 2361 intellectus,
1037 2279 1181 2362 spiritus
1199 2280 1346 2346 consilii

139 2391 174 2450 et
192 2384 429 2465 fortitudinis,
454 2385 599 2467 spiritus
616 2382 785 2448 scientiae
808 2388 843 2447 et
858 2383 1017 2466 pietatiS,
1043 2388 1078 2447 et
1093 2383 1246 2467 replebit
1264 2406 1345 2450 eum

138 2488 284 2571 spiritus
305 2486 440 2551 timoris
462 2484 605 2551 domini.
651 2488 662 2519 ⁴
683 2483 883 2550 Secundum
904 2485 993 2550 hanc
1016 2507 1098 2569 ergo
1119 2486 1344 2570 prophetiam

138 2597 283 2656 cunctos
306 2590 467 2654 dedomo
492 2596 527 2653 et
548 2587 681 2652 familia
696 2586 811 2652 David
828 2588 953 2671 nuptui
974 2587 1110 2653 habiles
1133 2612 1203 2654 non
1221 2593 1344 2656 coniu-

138 2695 360 2779 gatosvirgas
377 2714 457 2757 snas
474 2691 643 2757 allaturos
660 2690 704 2756 ad
720 2690 830 2756 altare
840 2692 1025 2775 praedixit,
1044 2698 1079 2756 et
1090 2693 1343 2778 cuiuscumque

137 2804 219 2882 post
234 2796 438 2863 allationem
449 2795 584 2878 virgula
593 2793 713 2859 florem
724 2795 956 2877 germinasset
972 2801 1007 2861 et
1022 2796 1057 2859 in
1071 2796 1146 2861 eius
1159 2799 1342 2864 cacumine

138 2902 282 2984 spiritus
305 2900 437 2964 domini
458 2899 494 2962 in
516 2899 632 2981 specie
655 2897 835 2963 columbae
859 2898 1091 2981 consedisset,
1118 2901 1233 2982 ipsum
1261 2923 1339 2968 esse

139 3006 195 3070 cui
212 3006 306 3088 virgo
325 3002 558 3068 commendari
576 3007 611 3067 et
627 3001 833 3084 desponsari
852 3001 1005 3067 deberet.

615 3238 735 3307 Carnr
757 3239 861 3308 Vm.
895 3204 900 3247 ⁸

224 3398 339 3462 ¹Erat
359 3404 473 3463 autem
500 3397 593 3462 inter
615 3401 750 3460 ceteros
766 3395 897 3478 Ioseph
917 3394 1018 3461 homo
1044 3395 1085 3461 de
1109 3395 1210 3462 domo
1235 3405 1270 3463 et
1293 3399 1341 3463 fa·

138 3503 235 3569 milia
250 3501 364 3566 David
385 3500 615 3584 grandaevus:
639 3499 775 3564 cunctis
796 3518 876 3563 vero
892 3499 1006 3581 virgas
1030 3520 1109 3564 suas
1131 3501 1229 3566 iuxta
1249 3502 1341 3567 ordi-

139 3629 217 3672 nem
234 3603 476 3670 defereutibus
497 3602 592 3668 solus
609 3604 683 3684 ipse
702 3622 798 3666 suam
816 3600 998 3665 subtraxit.
1036 3601 1137 3667 Unde
1155 3624 1233 3668 cum
1250 3604 1340 3669 nihil

137 3711 275 3775 divinae
300 3707 377 3774 voci
403 3727 593 3772 consonum
625 3705 861 3788 apparuisset,
893 3704 1052 3787 pontifex
1081 3705 1208 3773 iterato
1235 3707 1340 3772 deum

136 3849 351 3860 ...—-——

206 3919 230 3968 2.
250 3919 309 3967 l‘ur.
327 3919 414 3967 dicem
429 3917 551 3981 siquidem
564 3919 687 3977 parentes
703 3931 761 3964 rues
776 3932 803 3965 re
819 3916 914 3965 donnini
931 3913 935 3982 Ι
957 3915 1015 3966 Par.
1032 3917 1157 3983 Pontifex
1175 3919 1201 3966 is
1219 3920 1342 3981 depastis

136 4008 216 4056 animi
228 4007 379 4055 coarmatus
392 4002 396 4067 1
411 4003 469 4053 Par.
487 4019 551 4067 quae
567 4002 650 4066 duit}
664 4002 748 4065 penti:
766 4001 824 4050 Par.
835 4002 919 4065 pestis

207 4097 230 4143 ³.
251 4093 309 4141 Par.
322 4091 349 4138 ἐπ
362 4089 482 4139 commui
496 4088 499 4152 Ι
514 4089 623 4136 wratis.-
639 4087 698 4135 Psr.
712 4087 803 4136 ceteris

206 4185 231 4229 4.
249 4178 340 4242 nuptui
355 4174 453 4224 labiles
469 4189 518 4223 non
531 4174 692 4235 consepctu:
710 4172 744 4221 cf.
759 4172 801 4220 Ps.
814 4173 914 4223 Matth.
928 4172 1007 4230 VlIl,
1025 4177 1048 4222 2.
1067 4175 1112 4224 ubi
1130 4178 1173 4224 est
1190 4177 1341 4242 quicumque

136 4270 191 4317 siae
202 4280 281 4314 acere
292 4268 330 4312 est
344 4259 347 4327 l
362 4262 421 4310 Par.
434 4261 468 4308 ad
478 4259 563 4309 altore
576 4258 704 4307 allaturos

206 4350 280 4407 Vlll,
301 4352 323 4399 1.
349 4344 653 4402 ceperannum,
673 4347 697 4394 3.
717 4344 740 4392 5.

207 4440 230 4487 L
248 4452 322 4488 uero.-
340 4435 398 4484 Par.
416 4433 500 4498 igitur
514 4430 517 4497 Ι
531 4431 715 4497 asnatica.-
732 4430 791 4481 Psr.
803 4426 982 4498 offerentibus!
997 4428 1147 4480 Ediderunt
1160 4431 1204 4496 qui
1214 4434 1343 4496 oirqinem
