2962 4912
319 317 651 368 pssum-maumam
671 318 910 367 svnnonnwn.
938 315 1011 365 CAP.
1030 314 1123 364 xxxi.
1258 314 1314 376 101

144 474 180 539 sit
192 468 297 546 Thau,
322 473 357 532 et
378 488 441 550 ego
464 467 577 531 dicam
597 467 662 531 tibi
686 467 770 550 quid
794 469 839 531 sit
854 465 982 549 Aleph.
1017 464 1065 529 Et
1086 466 1211 529 iterum
1232 464 1319 528 dixit

143 575 176 642 ad
194 574 246 637 eos
261 570 378 635 Iesus:
411 569 480 653 Qui
505 592 574 635 non
596 576 726 635 norunt
740 568 872 652 Aleph‚
894 569 992 634 Thau
1010 569 1183 652 quomodo
1202 569 1317 632 dicore

140 680 281 764 possunt,
303 671 529 756 hypocritae?
564 672 683 737 Dicite
704 673 788 755 quid
812 674 858 737 sit
877 673 1026 755 primum
1042 670 1175 754 Aleph,
1197 678 1232 735 et
1254 692 1317 753 ego

139 791 207 847 tunc
220 776 316 842 robis
334 776 472 840 credam
489 797 566 839 cum
583 774 743 840 dixeritis
760 774 862 839 Beth.
888 775 935 839 Et
951 776 1068 857 coepit
1083 775 1184 840 lesus
1203 777 1319 858 singu-

138 885 230 948 larum
246 880 441 944 litterarum
458 880 600 942 nomina
615 880 844 959 interrogare,
861 884 896 942 et
907 877 1007 941 dixit:
1031 877 1138 943 Dicat
1153 879 1320 960 magister

138 987 220 1070 legis,
241 984 353 1066 prima
369 982 488 1046 littera
504 980 589 1063 quid
607 982 661 1061 sit,
682 981 736 1044 uel
754 1001 860 1063 quare
878 981 1073 1064 triangulos
1090 981 1218 1045 habeat
1233 980 1319 1044 mul·

137 1100 190 1171 tos,
205 1087 375 1173 gradatos‚
400 1089 599 1169 subacutos,
616 1088 798 1168 mediatos,
818 1087 999 1168 obductos,
1023 1089 1222 1170 productos,
1247 1110 1320 1153 ere·
1408 1172 1413 1180 q

138 1200 207 1273 ctos,
223 1197 360 1272 stratos,
379 1192 614 1256 curvistratos.
653 1189 740 1255 Cum
757 1197 873 1255 autem
892 1190 975 1255 Leni
992 1191 1058 1254 hoo
1075 1192 1243 1272 audisset,
1261 1191 1319 1255 ob·

138 1294 339 1379 stupefactus
356 1299 411 1359 est
426 1294 469 1358 ad
486 1301 617 1358 tantam
632 1294 899 1376 dispositionem
917 1294 1094 1358 nominum
1111 1293 1317 1358 litterarum.

138 1398 247 1464 3Τιιῃο
272 1398 389 1480 coepit
414 1398 550 1461 eunctis
576 1397 802 1461 audientibus
826 1396 974 1461 clamare
1002 1404 1036 1461 et
1059 1396 1188 1461 dicere:
1225 1397 1318 1463 Num

140 1502 227 1567 debet
240 1501 307 1566 istc
324 1521 430 1583 super
445 1506 539 1565 terra
554 1497 690 1564 vivere?
714 1499 789 1562 imo
807 1501 842 1562 in
861 1520 985 1581 magna
1002 1519 1103 1563 cruce
1121 1499 1247 1582 dignus
1266 1507 1320 1565 est

140 1603 281 1690 appendi.
312 1601 403 1668 Nam
424 1608 542 1686 potest
563 1603 678 1685 ignem
696 1603 899 1684 extinguere
924 1607 960 1666 et
982 1602 1051 1665 alia
1068 1601 1233 1666 deludere
1251 1611 1319 1667 tor·

140 1714 244 1774 menta.
268 1705 344 1788 Ego
362 1712 446 1788 puto
465 1705 558 1787 quod
577 1705 634 1769 hic
651 1710 731 1768 autc
749 1705 987 1769 cataclismum
1003 1704 1121 1785 fuerit,
1139 1711 1219 1770 ante
1231 1705 1319 1770 dilu-

140 1815 212 1877 vium
226 1814 339 1873 uatus.
371 1809 458 1890 Quis
476 1809 567 1872 euim
584 1813 705 1871 venter
720 1807 818 1871 illum
835 1804 1009 1890 portavit?
1025 1813 1086 1871 aut
1103 1829 1191 1890 quae
1208 1814 1320 1872 mater

143 1914 242 2000 genuit
260 1909 384 1976 illum?
406 1917 466 1975 ant
483 1931 571 1994 quae
592 1910 701 1974 ubera
721 1910 820 1974 illum
837 1908 1076 1975 lactaverunt?
1106 1910 1220 1994 Fugio
1238 1917 1318 1975 ante

144 2038 216 2095 eum;
236 2036 305 2080 non
328 2015 419 2079 enim
442 2014 538 2078 valeo
564 2015 736 2078 sustinere
754 2013 895 2078 verbum
918 2034 959 2076 ex
980 2034 1038 2078 ore
1061 2014 1153 2095 eius,
1177 2014 1238 2078 sed
1261 2035 1320 2077 cor

144 2139 234 2184 neum
255 2118 427 2199 stupescit
446 2117 532 2181 talia
554 2116 658 2181 verba
678 2115 810 2180 audire.
856 2115 1001 2180 Nullum
1028 2117 1118 2180 enim
1141 2116 1319 2181 hominum

143 2228 209 2306 puto
232 2221 306 2285 eius
330 2220 498 2301 consequi
520 2218 676 2300 verbum,
699 2218 767 2282 nisi
789 2218 898 2282 tuerit
920 2217 1005 2281 deus
1029 2239 1105 2281 cum
1129 2240 1180 2284 eo.
1214 2218 1320 2285 Nunc

146 2346 192 2409 ego
212 2325 280 2406 ipse
304 2322 427 2386 infelix
449 2321 579 2386 tradidi
602 2342 654 2385 me
678 2320 759 2384 huic
781 2321 816 2384 in
840 2320 1003 2384 derisum.
1041 2319 1128 2385 Cum
1152 2322 1243 2386 enim
1265 2343 1317 2386 me

145 2435 277 2511 putarem
286 2425 415 2489 habere
428 2425 649 2507 discipulum,
667 2424 783 2487 inveni
794 2425 998 2506 magistrum
1009 2445 1133 2505 meum,
1151 2426 1318 2507 ignorans

145 2671 280 2720 teretem.-
302 2669 353 2730 err'
365 2669 446 2730 alpha
458 2674 617 2724 terrueruut,
631 2670 751 2732 prromodo
761 2673 806 2716 tarr
817 2668 912 2727 (codex
923 2667 980 2728 corr)
990 2669 1197 2729 discereporeuut
1210 2693 1219 2705 ·
1232 2669 1320 2718 Dicite

147 2757 189 2804 niti
195 2757 295 2817 primum
308 2755 368 2817 quid
381 2755 415 2802 nit
426 2753 515 2816 alpha,
528 2759 553 2801 et
565 2759 624 2802 terror
636 2755 737 2802 rredcm
751 2780 758 2789 -
773 2754 846 2801 tetdo
860 2779 868 2789 ·
882 2754 1041 2815 interrepere
1053 2754 1153 2801 diceus:
1171 2754 1223 2801 Dio
1236 2755 1295 2801 midi
1308 2779 1317 2790 ·

144 2842 208 2903 primo
218 2839 302 2888 littero
315 2856 394 2902 quare
406 2839 480 2886 habet
493 2840 587 2901 triunp.
602 2839 701 2895 auritos,
711 2844 863 2902 prrrcerutos
876 2838 940 2899 (sic,
960 2838 1068 2887 Thiloni
1081 2838 1223 2887 videbatur
1233 2841 1317 2902 piace·

148 2927 206 2985 rotor)
218 2926 345 2974 rabamrtou
358 2926 480 2972 mediatos
488 2925 628 2987 productos
640 2925 738 2973 adduct.
752 2929 827 2972 erret.
841 2929 916 2972 strat.
931 2925 1099 2973 crrrviotratos
1111 2924 1173 2984 (hoc
1188 2940 1219 2972 ex
1232 2924 1318 2974 ducti·

146 3012 182 3059 bus
192 3011 313 3073 corruptis
325 3010 411 3057 multo
425 3009 524 3057 rectius
538 3008 655 3057 efficitur
666 3024 743 3071 qnam
754 3008 825 3071 quod
836 3008 914 3056 Thilo
928 3008 1005 3057 dedit
1018 3008 1173 3072 confractor)
1186 3009 1226 3057 vel
1238 3013 1318 3057 ormi·

149 3096 212 3149 teor·
223 3096 378 3159 stupefactus
389 3100 426 3143 ert
439 3095 473 3142 ad
487 3098 550 3142 tunt.
563 3095 658 3157 dtrpoa.
672 3093 818 3141 litterarum
830 3095 1023 3142 nominatorum.

197 3184 215 3229 3.
232 3181 295 3229 Num
310 3180 383 3228 dedet
400 3182 447 3228 iste
464 3196 540 3243 moper
556 3184 628 3228 terro
646 3180 728 3228 niune
746 3183 803 3228 otc:
827 3179 861 3227 cf.
880 3194 970 3227 rursus
988 3192 1005 3225 n
1024 3179 1057 3227 ud
1077 3179 1159 3237 XXX,
1178 3184 1202 3230 4.
1222 3180 1226 3246 Ι
1246 3199 1277 3229 ee
1292 3200 1319 3230 re

146 3269 197 3329 ipro:
207 3267 281 3316 codex
295 3282 326 3314 eu
338 3283 364 3314 oe
376 3268 457 3330 ipsine

197 3353 256 3400 usic
269 3352 371 3416 pergit:
388 3352 459 3412 Cepit
471 3367 531 3414 erpo
544 3352 641 3400 eunetis
651 3351 711 3398 aud.
724 3374 733 3385 ·
747 3351 794 3398 tete
803 3366 869 3413 perer
883 3351 964 3398 uicere
976 3366 1052 3414 super
1065 3355 1160 3398 terram
1173 3377 1181 3386 ·
1195 3357 1319 3400 tormento

144 3437 246 3485 terame.
268 3437 326 3499 Epo
334 3441 399 3498 puto
413 3438 473 3500 quia
485 3441 544 3484 ante
556 3441 606 3484 cot.
620 3436 793 3499 rrutursmrit.
822 3434 886 3496 Quis
900 3461 908 3471 ·
922 3436 994 3483 illam
1003 3438 1137 3498 peroravit
1149 3462 1157 3472 ·
1170 3453 1224 3484 eum
1237 3438 1317 3485 decta·

146 3524 227 3570 rerunt?
249 3522 353 3585 Fretum
366 3527 449 3570 autem
462 3522 533 3569 illum
547 3547 554 3556 ·
568 3522 611 3568 red
624 3527 648 3568 et
661 3536 705 3569 eor
724 3546 732 3555 ·
748 3519 853 3568 Nullum
867 3521 943 3568 etiem
955 3522 1075 3569 hominem
1092 3547 1099 3556 ·
1118 3537 1191 3583 posse
1203 3526 1320 3587 consequi

145 3607 209 3656 ·drrr
218 3608 241 3655 in
252 3625 278 3657 eo
291 3633 300 3643 ·
315 3608 375 3656 Oum
382 3613 502 3669 putorem
515 3624 551 3655 me
562 3608 653 3655 dobere
665 3607 728 3654 diso.
743 3608 929 3669 opteramum
943 3623 1019 3654 meum
1032 3608 1115 3654 inveni
1129 3624 1192 3671 may.
1207 3635 1214 3643 ·
1228 3610 1259 3656 de
1270 3610 1317 3658 doc

145 3697 209 3740 ortem
218 3694 300 3740 menie.
311 3694 373 3758 sup.
387 3694 447 3756 quia
461 3693 534 3740 illum
546 3693 675 3741 intendere
688 3708 737 3740 non
750 3691 830 3740 ooteo.
855 3693 895 3739 Ao
914 3692 1243 3758 inferior-aepueflnom.
1270 3694 1318 3743 Re·

146 3778 203 3841 liqna
213 3779 284 3827 huius
297 3780 396 3842 capitis
410 3778 516 3828 desunt.

199 3862 307 3912 Bistonis
319 3863 348 3911 in
361 3863 454 3913 codice
467 3876 483 3910 Β
497 3864 523 3911 h.
537 3865 555 3910 l.
568 3865 658 3928 posita
671 3867 703 3914 ab
717 3872 831 3928 utroque
846 3863 938 3912 codice
950 3864 1027 3912 raldo
1040 3863 1139 3921 differt,
1152 3866 1218 3913 liceo
1232 3866 1318 3916 simile

146 3955 301 4010 opimentum
321 3949 428 3998 habent.
453 3948 496 3998 Ita
515 3949 586 3998 enim
605 3949 643 3998 ibi
662 3951 791 4014 scriptum
812 3952 867 3999 est:
893 3948 980 4012 Igitur
992 3953 1053 4009 post
1064 3964 1162 4011 pauco-r
1179 3951 1234 3998 dies
1252 3953 1320 4000 uenit

146 4031 200 4080 otim
207 4034 286 4083 doctor
291 4070 298 4092 ,
315 4037 410 4083 amium
422 4034 527 4095 Ioseph,
541 4031 596 4098 [ct]
609 4035 675 4083 ‹rmir
687 4037 722 4084 dd
734 4052 802 4083 eum:
827 4036 915 4083 Amice
927 4034 1073 4091 karissime,
1085 4032 1174 4098 filiorm
1186 4039 1254 4083 tuum
1266 4041 1317 4085 stc·

148 4122 193 4166 tero
206 4126 342 4169 crescentem
361 4122 428 4168 inter
443 4122 553 4169 dominer
565 4135 615 4181 per
626 4121 668 4169 dei
677 4123 791 4183 pretium
804 4117 839 4183 [si
853 4117 907 4183 vis]
917 4119 1055 4184 proficere,
1075 4121 1167 4167 tradem
1184 4138 1237 4169 eum
1250 4123 1318 4179 nodi,

148 4206 238 4264 qnoniam
257 4222 298 4269 epo
320 4222 374 4254 cum
396 4206 475 4254 multa
496 4207 623 4254 suauitate
638 4207 729 4254 docebo
746 4222 800 4254 enm
816 4205 973 4269 pentilitotiu
991 4204 1094 4253 litteras
1113 4203 1168 4270 [et]
1187 4208 1318 4266 hebraeus,

146 4293 215 4349 purten
222 4292 420 4352 grammaticam,
438 4297 463 4337 et
475 4291 544 4338 alim
547 4291 695 4354 securitates
706 4292 795 4354 poribus
804 4293 901 4353 poterit
913 4309 929 4338 a
943 4290 1078 4338 maioribus
1090 4290 1176 4339 Israel
1187 4293 1318 4342 honorari.

149 4371 244 4423 mrem
254 4393 305 4424 eum
315 4377 423 4438 Ioseph:
443 4377 472 4425 si
481 4377 692 4437 praenotatorum,
706 4377 739 4424 cd
749 4377 964 4437 disciplinandum
977 4375 1137 4440 acciperfiut
1149 4394 1203 4424 eum
1213 4380 1316 4440 paudio.

150 4455 180 4504 Et
194 4475 236 4507 mn
254 4463 390 4526 accepisset
410 4478 463 4509 enm
484 4463 573 4510 doctor
593 4467 618 4511 et
639 4463 673 4510 ad
691 4463 788 4511 domum
805 4463 918 4511 doctoris
936 4478 990 4509 eum
1010 4459 1167 4511 exultatione
1186 4464 1319 4522 uenissent,
