2962 4912
221 303 549 354 Peenno-namnam
568 303 812 376 evestamum.
844 302 918 353 CAP.
938 301 1057 352 XXXVI.
1077 303 1208 353 XXXVII.
1253 302 1315 364 105

140 466 187 526 aut
201 459 359 538 parentes
382 453 473 534 cius,
497 476 565 519 non
587 475 623 519 se
647 454 739 518 ultro
760 452 923 517 leonibus
945 451 1142 517 obtulisset.
1172 452 1314 517 Etcum

139 558 266 647 populus
288 555 374 620 haec
394 556 487 620 intra
508 577 543 621 se
564 557 734 639 cogitaret
755 562 790 621 et
811 556 959 620 moerori
981 555 1087 619 nimio
1106 554 1315 635 subiaceret,

139 681 202 730 ecce
217 659 331 724 subito
353 658 389 722 in
407 666 596 742 conspectu
613 658 734 742 populi
757 660 861 723 exivit
875 658 977 722 Iesus
995 657 1036 721 de
1054 665 1174 740 crypta
1195 665 1230 722 et
1245 657 1316 722 leo·

138 787 186 833 nes
199 759 453 828 antecedebant
470 782 557 842 eum,
576 768 611 827 et
623 761 731 827 catuli
747 761 886 826 leonum
903 767 983 825 ante
1001 761 1109 844 podes
1127 761 1202 824 eius
1219 760 1316 824 lude-

137 871 204 935 bant
223 867 315 928 inter
335 883 382 927 so.
427 863 597 928 Parentes
616 884 696 929 nero
719 862 976 928 Iesu-demisso
998 864 1111 946 capite
1135 863 1276 928 stabant
1296 884 1317 926 a

137 974 220 1053 longe
237 973 271 1032 et
287 966 532 1046 observabant3
549 968 682 1049 pariter
699 972 734 1032 ct
748 965 899 1050 populus
916 973 1059 1050 propter
1074 967 1195 1031 leones
1211 967 1314 1049 louge

137 1073 245 1142 stabnt:
263 1091 332 1135 non
351 1071 495 1135 enimse
514 1072 727 1154 coniungere
746 1071 796 1135 eis
814 1068 975 1134 audebat.
1007 1069 1106 1134 Tunc
1121 1069 1222 1134 Iesus
1240 1089 1317 1133 coe·

137 1180 178 1263 pit
195 1175 305 1239 dicere
327 1172 371 1237 ad
392 1172 573 1254 populum:
616 1172 755 1256 Quanto
778 1172 940 1237 meliores
962 1179 1044 1237 sunt
1063 1172 1196 1236 bestiae
1217 1172 1316 1236 vobis

139 1299 208 1364 quae
224 1297 323 1341 suum
340 1282 536 1358 agnoscunt
550 1276 728 1340 dominum
745 1282 779 1340 et
795 1274 1002 1358 glorificant,
1021 1281 1056 1340 et
1070 1295 1129 1339 vos
1146 1275 1316 1355 homines,

140 1384 186 1468 qui
206 1379 246 1444 ad
266 1379 453 1462 imaginem
480 1387 515 1443 et
536 1378 803 1443 similitudinem
824 1378 880 1443 dei
903 1378 987 1442 facti
1009 1379 1108 1458 estis,
1135 1380 1316 1462 ignoratis,

140 1484 258 1552 Bestiae
276 1488 473 1564 agnoscunt
488 1502 540 1546 mc
560 1488 595 1545 et
611 1488 876 1559 mansuescunt3
899 1481 1058 1546 homines
1075 1502 1127 1547 me
1144 1481 1264 1545 vident
1283 1488 1318 1544 ct

142 1609 194 1654 uon
208 1590 430 1666 cognoscunt.

555 1736 676 1803 Canna
699 1736 879 1804 XXXVI.

208 1875 289 1941 Post
319 1874 405 1939 haec
431 1874 532 1939 Iesus
558 1876 719 1940 transivit
743 1874 931 1939 Iordanem
957 1875 1092 1939 cunctis
1117 1873 1318 1938 videntibus

145 2003 202 2048 cun
221 1978 395 2058 leonibus,
418 1984 453 2042 et
473 1999 564 2061 aqua
586 1978 748 2044 Iordanis
771 1977 881 2042 divisa
904 1984 957 2042 est
977 1977 1021 2041 ad
1042 1977 1197 2042 dextram
1219 1975 1317 2041 etad

147 2084 305 2150 sinistram.
339 2079 438 2144 Tunc
456 2080 544 2144 dixit
560 2079 731 2160 leonibus,
750 2080 854 2144 itaut
871 2099 989 2144 omnes
1007 2077 1184 2142 audirent:
1210 2077 1263 2142 Ite
1282 2079 1318 2142 in

146 2207 210 2272 pace
227 2190 259 2248 et
273 2183 448 2248 neminem
465 2182 629 2262 laedatis;
652 2182 713 2248 sed
730 2204 795 2247 neo
812 2181 911 2248 homo
929 2181 1026 2246 vobis
1044 2187 1184 2263 noceat,
1207 2179 1318 2246 donec

147 2287 339 2355 revertamini
361 2286 454 2350 unde
475 2287 606 2350 existis.
652 2283 703 2350 At
722 2285 776 2349 illi
798 2307 867 2350 non
888 2305 970 2350 voce
994 2284 1055 2351 sed
1078 2305 1222 2367 corpore
1243 2284 1318 2349 vale

148 2393 289 2458 iacientes
315 2388 480 2453 abierunt
505 2387 548 2453 ad
573 2388 651 2453 loca
676 2409 747 2452 sua.
782 2388 882 2453 Iesus
908 2409 987 2452 vero
1013 2408 1171 2452 reversus
1198 2386 1320 2450 estad

149 2502 263 2559 matrem
280 2512 388 2555 suam.

549 2643 670 2710 Oneon
691 2643 889 2709 XXXVII.

215 2782 281 2845 lEt
304 2803 381 2846 oum
405 2789 498 2847 esset
518 2781 648 2866 Ioseph
671 2781 772 2847 faber
793 2782 964 2865 lignarius
987 2788 1022 2845 et
1044 2780 1132 2845 nihil
1157 2779 1254 2845 aliud
1280 2800 1321 2843 ex

151 2886 221 2969 tigno
241 2891 445 2967 operaretur
461 2885 527 2948 nisi
550 2886 632 2968 iuga
648 2885 777 2950 bobum
800 2892 835 2949 et
851 2890 967 2949 aratra
988 2892 1023 2948 et
1038 2890 1151 2948 terrae
1168 2883 1323 2947 versoria

151 2988 323 3052 etculturae
341 2994 434 3069 apta,
452 2987 657 3070 ligneosque
675 2987 809 3052 faceret
825 2987 946 3067 lectos,
965 2987 1113 3069 contigit
1128 2991 1168 3050 ut
1180 2983 1320 3068 quidam

150 3164 235 3213 leontiae
251 3189 259 3198 ·
275 3165 322 3211 tec
340 3165 410 3211 int-ra
429 3180 455 3210 ee
473 3188 480 3198 -
499 3163 787 3226 observabantpncrum.
812 3164 851 3211 Et
861 3163 971 3226 popular
989 3188 997 3198 ·
1018 3163 1117 3226 tonyine
1128 3160 1221 3210 nabat.
1246 3161 1325 3208 Dicit

149 3265 193 3312 enyo
202 3250 232 3297 eie
240 3249 308 3296 [eene
321 3273 329 3283 ·
344 3248 461 3297 meliores
471 3249 540 3297 nobie
552 3253 610 3297 eant
623 3248 725 3306 tentiae,
738 3249 799 3312 qnia
807 3264 877 3297 enam
890 3273 898 3285 ·
912 3250 947 3297 ad
959 3251 1092 3312 irncytnem
1101 3247 1143 3296 dei
1154 3251 1180 3295 et
1188 3245 1320 3294 cimititnd.

149 3336 204 3382 eice·
214 3334 332 3398 teneretis
344 3350 406 3383 enin.
431 3336 535 3382 Bestiae
548 3334 646 3397 quidem
659 3338 805 3396 aqnoecnnt.
830 3334 944 3397 Reliqua
957 3334 1064 3383 desunt.

201 3417 308 3466 XXXVI.
334 3418 383 3467 Est
402 3419 467 3469 mec
487 3418 616 3467 historiae
635 3419 668 3467 de
688 3423 782 3482 crypta
801 3420 907 3467 leonum
926 3419 1001 3482 quasi
1020 3419 1106 3467 altera
1125 3431 1194 3481 pars.
1228 3416 1321 3478 Neque

149 3504 198 3552 haec
208 3504 232 3552 in
243 3504 333 3554 codice
347 3517 363 3552 n
377 3506 485 3568 legitur,
498 3504 545 3554 sed
558 3505 659 3569 legitur
671 3506 699 3553 in
713 3505 806 3554 codice
819 3517 847 3561 1),
861 3505 889 3552 iu
904 3519 956 3567 quo
970 3508 1052 3567 ceput
1064 3502 1156 3551 xnlv.
1171 3502 1242 3550 hunc
1256 3502 1322 3549 titu-

149 3590 190 3637 lnm
201 3589 285 3639 hebet:
315 3589 443 3651 Quomodo
457 3589 592 3650 (Quando)
606 3605 674 3653 aqna
686 3590 808 3638 Iordante
819 3589 903 3637 divina
919 3593 958 3637 eet
975 3593 1034 3637 ante
1050 3604 1099 3637 eos.
1121 3584 1124 3652 t
1143 3588 1187 3634 eed
1200 3601 1322 3647 corpore.-

149 3674 263 3723 iterumn
276 3675 446 3738 scripsimue3
466 3687 483 3723 Δ
500 3675 544 3723 scd
557 3679 581 3722 et
594 3689 708 3735 conpore,
722 3674 793 3737 quod
806 3674 927 3723 retinens
946 3674 974 3722 in
994 3673 1035 3723 cd.
1049 3673 1098 3736 pri.
1111 3688 1160 3721 non
1172 3688 1230 3719 occe
1242 3671 1322 3719 vrotrcrn

149 3758 340 3810 substituendum
354 3759 479 3809 iudicavi.
504 3760 540 3808 At
553 3760 689 3821 quaeritur
702 3775 736 3807 en
748 3759 777 3808 id
791 3774 822 3808 ex
835 3764 925 3807 mente
939 3759 1080 3821 scriptoris
1093 3759 1184 3806 tuerit.

202 3844 281 3895 Habet
293 3849 382 3894 autem
396 3857 414 3893 1)
429 3849 515 3894 totum
526 3853 608 3908 caput
618 3845 670 3894 sic:
689 3845 753 3893 Post
764 3846 826 3892 tace
838 3849 921 3892 antem
933 3869 942 3880 ·
955 3844 1006 3892 dio.
1020 3848 1128 3893 estante
1140 3859 1183 3890 eor
1194 3843 1228 3890 ad
1238 3843 1322 3890 dextr.

151 3932 209 3979 etad
223 3934 264 3980 ein.
288 3931 326 3980 Et
342 3932 410 3979 dicit
422 3957 431 3967 ·
444 3932 487 3980 sed
503 3947 548 3979 nec
567 3931 635 3979 nobie
652 3931 761 3978 homines
779 3933 886 3978 noceant
899 3955 907 3965 ·
922 3931 958 3978 At
977 3929 1019 3977 itti
1036 3929 1218 3991 valefacientes
1234 3929 1257 3976 ei
1274 3944 1323 3977 non

150 4018 239 4065 noent
249 4033 353 4081 corpore
367 4017 485 4065 abierant
498 4043 505 4052 ·
519 4022 593 4065 matr.
607 4032 685 4065 enam.

204 4102 322 4160 XXXVII,
336 4106 359 4151 1.
379 4101 576 4152 eonferendum
591 4109 632 4150 est
645 4117 703 4150 cum
718 4102 768 4149 hoc
779 4103 868 4163 capite
882 4101 1015 4164 eraugotii
1030 4103 1116 4149 nostri
1126 4102 1218 4150 Thom.
1230 4099 1322 4149 Latini

153 4201 197 4250 cap.
211 4187 248 4237 XI.
279 4187 330 4237 Sed
348 4201 383 4246 Ι),
402 4189 430 4237 iu
448 4203 500 4251 quo
520 4194 601 4250 caput
618 4185 751 4236 xxxvll.
768 4187 927 4248 inscriptam
946 4190 1001 4234 est:
1031 4186 1072 4233 De
1091 4185 1159 4248 tiano
1173 4201 1222 4247 per
1240 4185 1324 4233 Iesum

153 4271 245 4330 distento,
260 4274 342 4337 magia
356 4288 414 4321 oum
428 4287 445 4321 n
459 4272 594 4321 convenit.
619 4271 662 4319 Ita
677 4271 771 4319 habet:
794 4272 865 4319 Erat
876 4275 960 4319 aretem
973 4269 1025 4319 Ioe.
1040 4271 1195 4319 architector
1207 4271 1322 4333 etfacia-

156 4357 189 4406 tn
197 4360 245 4422 inea
256 4360 321 4408 toan
333 4363 359 4408 et
371 4362 465 4407 aratra
474 4358 588 4405 versario
602 4357 636 4403 ad
649 4356 776 4405 cnttnrnrn
788 4361 851 4417 apta
864 4356 1007 4418 tiyneoeqne
1020 4357 1143 4416 operabat
1155 4356 1240 4404 lecton.
1261 4356 1322 4403 Con·

156 4443 216 4505 tinnit
231 4460 282 4508 erno
304 4459 350 4492 nno
371 4443 413 4491 die
433 4447 462 4491 ut
480 4442 582 4505 qnidam
603 4443 699 4490 incente
719 4441 762 4490 itti
780 4441 916 4505 oratatnm
928 4440 1080 4505 faciendum
1097 4441 1263 4487 descenderet
1280 4455 1325 4488 een
