2962 4912
147 321 195 366 nx
613 298 885 352 Pnouuoouunn.

147 458 282 540 moniis,
313 477 398 539 quae
431 474 529 537 saepo
560 454 711 520 adhibite
741 459 820 518 sunt
847 451 890 518 ed
919 451 1110 518 elevandam
1137 452 1352 536 antiquitatis

146 568 224 635 libri
246 569 287 634 de
310 588 377 652 quo
400 567 574 650 quaeritur
601 566 741 631 laudern.
785 567 836 631 Ac
859 565 976 630 necin
999 563 1066 630 ullo
1089 565 1202 630 codice
1229 572 1349 648 graeco

147 702 287 764 usquam
316 684 484 762 repertum
513 682 564 742 cst
592 677 801 762 εὖογγέλιομ
832 676 919 739 κατὰ
945 675 1135 760 Νικόδωμομ
1163 675 1216 741 vel
1243 674 1351 742 simile

146 793 240 876 qnid,
268 812 376 874 neque
404 790 509 873 magis
536 789 571 854 in
592 790 797 872 plerisquc¹)
822 788 991 854 codicibus
1013 787 1129 853 latinis
1151 792 1202 852 cst
1229 808 1350 870 „even-

145 904 268 986 gelium
289 901 493 983 Nicodemi‚“
520 922 581 966 nec
603 900 745 983 denique
768 901 802 965 in
825 905 924 982 copto
946 904 1034 964 tosto
1055 904 1118 980 est;
1146 919 1350 982 quemquem

144 1015 180 1078 in
210 1013 361 1097 plurimis
394 1012 562 1079 codicibus
594 1018 628 1078 et
655 1012 783 1095 graccis
811 1017 845 1076 ct
869 1011 985 1077 latinis
1013 1011 1160 1110 itemque
1186 1010 1222 1075 in
1247 1016 1348 1093 copto

145 1124 332 1190 studiorum
365 1124 542 1190 Niccdcmi
578 1125 666 1189 circu
699 1123 821 1188 librum
851 1123 977 1188 discrtu
1006 1123 1134 1188 mentio
1159 1123 1205 1188 fit.
1258 1120 1349 1208 Quid

143 1234 278 1300 tendum
299 1236 403 1318 igitur
424 1237 474 1302 rei
503 1235 574 1301 est?
618 1233 749 1300 Nomen
773 1233 935 1317 evangelii
956 1232 1132 1299 Niccdcmi
1153 1233 1274 1300 titulus
1297 1238 1349 1299 est

143 1367 258 1412 recens
286 1347 338 1411 vel
365 1347 477 1429 potius
504 1346 766 1427 recentissimus,
795 1346 817 1410 i.
840 1367 866 1411 c.
894 1345 952 1428 qui
982 1350 1062 1428 post
1089 1344 1202 1411 Caroli
1228 1344 1348 1428 Magni

143 1458 213 1523 fere
239 1463 392 1540 tompore
419 1456 477 1522 uni
501 1462 535 1522 et
559 1457 657 1522 alteri
679 1456 849 1521 hominum
872 1455 1127 1522 occidentalium
1149 1456 1275 1539 placuit
1298 1461 1347 1520 at-

143 1590 207 1650 que
235 1574 312 1651 post
338 1588 419 1651 pree
446 1568 579 1650 ceteris,
612 1589 688 1632 nam
715 1568 837 1632 multos
865 1568 966 1633 etium
993 1567 1078 1633 ulios
1104 1566 1221 1633 titulos
1243 1566 1346 1632 fuisse

143 1684 304 1745 testatum
335 1685 399 1762 est,
431 1678 520 1762 opud
548 1678 681 1744 eosdem
709 1678 931 1744 occidentales
959 1700 1021 1743 usu
1047 1678 1254 1761 receptum&
1288 1682 1346 1744 cst

143 1790 311 1856 Nimirum
332 1792 460 1874 petitus
488 1796 538 1856 est
566 1791 642 1856 inde
665 1790 753 1873 quod
780 1791 862 1856 hacc
889 1789 1120 1874 bmoppripuru
1147 1785 1210 1854 τοῦ
1237 1792 1346 1874 κυρίου

144 1903 240 1988 ἧμῶμ
262 1897 376 1967 Ἰησοῦ
402 1897 553 1987 Χριστοῦ
581 1904 785 1987 ωραχθέμτα
808 1905 870 1966 emt
894 1904 1040 1987 Πομτῖου
1064 1901 1232 1978 Πιλάτου,
1263 1901 1345 1967 haec

143 2013 274 2097 „Gesta
309 2014 446 2098 Pilatiu,
481 2014 517 2079 hi
554 2014 816 2096 „Commentarii
846 2013 1031 2080 Salvatoris
1068 2013 1249 2097 conscripti
1285 2013 1347 2079 sub

142 2126 267 2192 Pontio
290 2125 426 2191 Piluto“
458 2126 500 2191 ub
527 2126 710 2192 Nicodemo
737 2126 789 2219 vel
820 2126 973 2192 hebreice
1002 2126 1119 2209 scripti
1147 2126 1199 2190 vel
1227 2145 1346 2209 graece

142 2239 230 2302 versi
252 2237 408 2302 dicuntur
429 2237 465 2301 in
486 2237 635 2321 prologo.
679 2236 761 2320 Ipsa
781 2258 859 2303 vcro
882 2238 965 2303 haec
987 2237 1095 2306 Gesta
1115 2235 1233 2318 Pilati,
1256 2233 1346 2318 quod

143 2368 263 2413 nomen
291 2347 380 2430 apud
403 2346 605 2431 Gregorium
627 2346 856 2414 'turonensem
883 2348 935 2413 bis
959 2348 1133 2431 legitur'),
1165 2347 1233 2413 siue
1255 2345 1347 2411 Actu

228 2580 250 2645 1)
270 2583 309 2632 Ex
327 2584 428 2633 nostrie
447 2582 510 2632 cdd.
523 2583 572 2632 let.
587 2583 678 2633 nullus
697 2599 756 2633 eum
775 2584 886 2634 titulum
904 2600 968 2649 pree
987 2601 1016 2636 ee
1035 2586 1099 2635 tert.
1129 2583 1197 2635 Vide
1212 2597 1345 2635 commen·

141 2670 239 2718 terium
258 2684 319 2733 pag.
331 2670 392 2718 ³12.

227 2751 251 2816 2)
270 2754 333 2804 Fuit
351 2755 397 2819 qui
416 2754 528 2815 diceret,
547 2756 680 2819 evengelii
694 2755 834 2805 Niccdcmi
853 2772 951 2806 nomen
969 2773 985 2806 n
1003 2758 1143 2807 Britannis
1162 2757 1345 2822 excogitetum

141 2841 240 2901 videri,
268 2842 368 2905 quippe
392 2841 567 2891 Nicodemum
592 2843 705 2905 primurn
730 2845 847 2907 ipsorum
875 2845 1026 2909 apostolum
1054 2844 1229 2895 incientibus.
1271 2841 1345 2901 Ques

141 2926 297 2975 coniectore
324 2925 388 2975 inde
416 2926 533 2988 sliquum
560 2925 781 2988 probebilitstem
809 2927 892 2977 hebet
914 2927 985 2991 qnod
1009 2929 1199 2992 antiquissime
1225 2928 1345 2979 omnium

140 3009 320 3060 recentiorum
344 3009 497 3059 versionum
521 3013 574 3058 eet.
588 3010 807 3074 englosexonice:
836 3011 865 3060 id
890 3011 961 3076 quod
986 3011 1148 3063 documento
1175 3017 1218 3063 eet
1241 3015 1344 3077 quentu

141 3095 243 3145 honore
262 3110 329 3159 opus
346 3095 421 3144 istud
439 3096 491 3145 iem
511 3094 613 3158 pridem
632 3096 660 3145 in
674 3097 772 3161 Anglis
786 3097 908 3146 hobitum
926 3099 972 3148 sit.
1007 3098 1115 3163 'lemen
1126 3113 1174 3162 pro
1193 3099 1347 3163 praecipuis

139 3179 262 3244 pertibus
275 3193 343 3242 quee
355 3178 496 3229 Niccdcmi
514 3180 544 3228 in
563 3179 612 3229 hec
632 3179 745 3229 historie
763 3185 828 3230 sunt
846 3185 875 3230 et
892 3181 920 3231 in
939 3183 1051 3246 prologo
1070 3197 1129 3233 esse
1144 3181 1347 3245 praedicentur,

140 3262 221 3312 tscile
241 3262 340 3325 sliquie
359 3261 387 3310 id
406 3276 503 3311 nomen
522 3263 645 3313 invenire
663 3269 779 3327 poteret.

225 3344 249 3409 ³)
268 3345 310 3396 Cf.
331 3347 397 3396 hist.
411 3347 538 3398 Fruncor.
558 3348 580 3409 1,
597 3349 668 3399 xx1.
689 3349 768 3412 (xi.)
789 3358 818 3401 et
836 3351 931 3402 xxiv,
947 3351 1068 3415 (XXIII.)
1087 3353 1178 3402 Priore
1196 3354 1257 3402 loco
1277 3352 1346 3403 haec

139 3433 268 3496 leguntur
280 3432 462 3496 Adprebeeese
479 3439 562 3482 autern
580 3439 606 3483 et
617 3436 717 3499 tereph,
736 3437 779 3500 qui
796 3453 850 3486 erm
868 3438 1026 3487 aromatibus
1043 3437 1171 3487 conditum
1189 3438 1216 3486 in
1233 3453 1279 3488 ruo
1294 3454 1346 3489 οοο·

138 3523 254 3568 nummio
276 3520 434 3579 recondidit,
461 3521 488 3569 in
511 3522 631 3572 cellulam
654 3523 797 3573 recluditur
819 3529 844 3573 et
866 3525 898 3573 ab
916 3526 980 3586 ipeir
996 3526 1156 3574 eacerdotum
1178 3526 1346 3589 principibu

139 3605 289 3662 emitur,
308 3606 429 3654 maiorem
447 3607 473 3654 in
491 3623 546 3656 eurn
563 3608 681 3657 tabentee
697 3610 839 3667 caevitiam,
857 3614 886 3659 ut
907 3612 987 3660 Getta
1001 3611 1087 3660 Pilati
1104 3612 1139 3661 ad
1152 3611 1280 3661 tiberium
1297 3613 1344 3662 iun·

134 3692 281 3752 peraterern
300 3691 377 3738 mirra
394 3691 519 3754 referunt,
538 3693 657 3755 quanin
676 3696 757 3755 iprum
775 3695 913 3752 dominum,
931 3702 960 3746 et
977 3698 1096 3747 camille
1113 3714 1130 3746 a
1145 3697 1283 3756 milidtnr,
1301 3697 1345 3747 ste

138 3773 170 3822 ab
188 3775 252 3838 ipris
269 3775 444 3824 cacerdotibus
462 3778 642 3826 custodiretur.
680 3777 731 3828 Sed
749 3785 895 3843 reeurpente
907 3782 1007 3832 domino
1023 3783 1166 3832 custodibus
1183 3785 1280 3833 cirione
1298 3799 1344 3832 an·

135 3859 222 3922 pelice
238 3861 346 3917 territis,
365 3877 421 3910 cure
439 3877 489 3910 non
506 3862 664 3912 inueniretur
681 3865 708 3912 in
726 3865 831 3924 tumulo,
849 3871 922 3916 nocte
936 3869 1052 3931 parietes
1069 3869 1101 3918 de
1119 3869 1227 3928 cellula,
1245 3870 1274 3918 in
1291 3885 1344 3934 qua

139 3947 230 4008 Ioeepi
247 3947 393 4006 tenebatur,
416 3949 604 4011 suspenduntur
620 3951 648 3999 in
666 3951 779 4009 subtinir
802 3954 857 4016 ipre
874 3968 933 4003 aero
950 3955 982 4003 de
1000 3956 1116 4005 custodia
1134 3956 1279 4007 abwloente
1297 3971 1343 4005 an·

135 4031 193 4094 pelo
212 4031 347 4090 liberatur,
363 4034 506 4096 parietibus
523 4037 650 4085 restitutis
667 4038 694 4086 in
712 4037 793 4087 lowen
811 4055 891 4088 mum.
923 4040 1031 4105 Cumque
1044 4041 1180 4107 pontefices
1197 4042 1344 4092 “nedibus

137 4115 323 4177 eeprobrarent
339 4121 365 4166 et
382 4122 497 4168 tanetum
514 4136 606 4184 corpus
624 4122 655 4169 ub
668 4123 760 4171 eisdem
772 4123 899 4173 instanter
909 4126 1078 4189 requirerent,
1095 4128 1184 4176 dicunt
1198 4130 1235 4177 eie
1245 4128 1344 4178 mildae

137 4202 247 4252 Reddite
264 4220 308 4255 coe
325 4206 425 4270 tereph,
444 4210 469 4255 et
485 4222 531 4256 nee
548 4209 678 4258 reddimur
696 4210 835 4259 Obrinum:
858 4212 902 4260 red
921 4216 948 4260 ut
965 4229 1051 4262 mum
1068 4216 1239 4277 cenom,
1261 4231 1342 4281 neque

137 4303 181 4337 oce
202 4287 386 4353 benefactorem
408 4291 463 4349 dei,
491 4307 569 4355 neque
589 4308 636 4343 noe
654 4294 744 4359 ,titiam
761 4296 803 4344 dei
825 4297 932 4346 reddere
954 4299 1158 4350 modulemur.
1197 4300 1266 4350 stne
1283 4301 1341 4352 tute

136 4376 249 4440 reverte
275 4375 369 4426 militer
391 4377 436 4426 cub
462 4379 510 4427 bae
535 4381 697 4430 excusatione
724 4381 876 4433 liberantur.
913 4385 1007 4434 Altero
1031 4386 1091 4435 loco
1111 4385 1254 4453 Gregorius
1273 4388 1340 4440 hsec
