2962 4912
356 333 559 387 DESCBNSUS
578 333 720 386 cnutum
737 335 784 386 Αῐ)
802 333 965 386 Insanos,
990 332 1117 385 lx-xl.
1272 333 1332 395 431

228 486 358 553 Deinde
380 487 540 553 exivimus
562 486 679 552 exinde
703 507 816 552 omnes
842 507 917 552 cum
939 486 1085 567 domino,
1111 485 1335 568 relinquentes

140 591 245 658 Satan
268 597 301 656 et
322 590 487 656 infernum
509 593 543 656 in
565 596 736 656 tartarum.
774 588 949 674 Nobisque
970 595 1004 654 et
1026 589 1100 654 aliis
1116 589 1228 653 multis
1242 609 1335 672 prae·

140 701 272 777 ceptum
304 700 356 759 est
385 700 423 759 ut
454 716 528 759 cum
560 715 699 776 corpore
726 714 987 778 resurgeremus,
1018 694 1052 757 in
1084 692 1194 756 seculo
1222 691 1337 756 dantes

140 800 368 865 testimonium
399 800 651 864 resurrectionis
683 798 807 864 domini
838 799 945 864 nostri
974 797 1052 863 Iesu
1075 796 1201 863 Christi
1233 802 1266 862 et
1297 796 1336 861 de

140 902 183 966 iis
206 923 291 986 quac
314 908 407 987 gesta
429 908 506 967 sunt
528 900 615 985 apud
637 900 771 966 inferos,

226 1007 320 1073 Haec
350 1013 443 1088 sunt,
473 1006 592 1072 fratres
625 1006 803 1087 carissimi,
834 1025 919 1088 quae
949 1004 1089 1069 uidimus
1120 1010 1153 1069 et
1183 1004 1336 1069 testifica·

140 1133 214 1177 mur
241 1111 384 1176 adiurati
412 1133 432 1176 a
458 1110 566 1192 uobis,
596 1109 654 1174 illo
683 1113 861 1174 attestante
888 1108 944 1190 qui
973 1130 1034 1191 pro
1062 1108 1158 1173 nobis
1185 1114 1336 1173 mortuus

140 1221 191 1281 est
223 1223 257 1281 et
287 1215 486 1294 resurrexit;
523 1213 602 1298 quia
634 1213 720 1278 sicut
752 1214 1010 1295 scriptumest,
1047 1213 1095 1277 ita
1126 1219 1254 1294 gestum
1286 1217 1337 1276 est

139 1340 340 1404 peremnia

531 1492 648 1558 Oarur
671 1491 736 1557 XI.
765 1490 945 1576 (XXVII.)

226 1632 275 1697 At
298 1631 354 1696 ubi
377 1631 494 1697 charta
516 1631 679 1714 completa
703 1635 736 1695 et
758 1630 905 1713 perlecta
932 1634 996 1709 est,
1026 1628 1197 1693 audientes
1225 1648 1337 1693 omnes

140 1733 331 1800 ceciderunt
352 1735 387 1799 in
409 1735 512 1801 facies
534 1755 621 1815 suas,
643 1734 856 1799 lacrimantes
880 1753 991 1798 amare
1014 1739 1048 1797 et
1070 1732 1247 1797 crudeliter
1265 1752 1337 1814 per-

140 1839 303 1903 cutientes
327 1844 464 1922 pectora
487 1860 561 1919 sua,
588 1838 768 1903 clamantes
792 1841 826 1900 et
848 1835 993 1901 dicentes
1022 1857 1080 1918 per
1108 1835 1232 1899 omnia:
1263 1834 1337 1900 Vae

140 1940 252 2006 nobis:
284 1948 322 2006 ut
350 1941 429 2025 quid
459 1941 554 2006 nobis
586 1941 715 2006 miseris
746 1940 907 2023 contingit
936 1938 1024 2006 hoc?
1068 1937 1170 2022 Fugit
1197 1937 1338 2019 Pilatus,

139 2043 225 2127 fugit
246 2044 365 2109 Annas
388 2049 422 2109 et
444 2042 596 2126 Caiphae,
618 2043 751 2127 fugiunt
772 2042 957 2108 sacerdotes
981 2047 1015 2107 et
1035 2041 1181 2121 Levitae,
1204 2041 1339 2121 insuper

141 2152 175 2211 et
196 2147 338 2230 populus
360 2146 575 2229 Iudaeorum,
606 2146 774 2229 plorantes
802 2168 840 2210 ac
869 2145 1029 2211 dicentes:
1061 2145 1131 2212 Vae
1158 2145 1252 2210 nobis
1280 2145 1338 2209 mi-

140 2249 231 2330 seris,
255 2249 448 2332 sanguinem
471 2254 622 2313 sanctum
644 2248 678 2311 in
699 2252 791 2314 terra
814 2247 995 2313 effudimus.

225 2350 347 2417 Tribus
374 2352 488 2435 itaque
511 2350 626 2417 dicbus
653 2357 687 2415 et
713 2351 819 2416 tribus
848 2351 999 2415 noctibus
1022 2370 1138 2433 panem
1162 2355 1196 2413 et
1217 2368 1337 2431 aquam

139 2474 206 2518 non
248 2457 465 2535 gustaverunt
507 2451 574 2517 ullo
619 2451 717 2517 modo
730 2502 738 2535 ,
779 2472 887 2535 neque
929 2452 963 2515 in
1005 2471 1176 2534 synagoga
1216 2449 1338 2532 aliquis

138 2577 252 2621 eorum
281 2563 332 2620 est
358 2576 518 2621 reuersus.
561 2554 677 2620 Tertia
704 2576 781 2620 vero
809 2554 862 2620 die
889 2556 1010 2620 iterum
1036 2561 1236 2637 congregato
1264 2573 1338 2618 con·

137 2660 214 2725 cilio
245 2660 394 2743 perlecta
421 2666 472 2724 est
494 2659 559 2724 alia
581 2657 699 2724 charta
720 2657 855 2751 Leucii:
887 2663 921 2723 et
951 2680 1012 2724 nec
1043 2658 1117 2742 plus
1143 2679 1203 2722 nec
1231 2657 1338 2722 minus

136 2764 309 2828 inventum
338 2769 401 2846 est,
433 2769 592 2847 quantum
620 2762 663 2827 ad
689 2762 835 2827 litteram
864 2784 978 2846 unam,
1009 2763 1043 2826 in
1070 2767 1231 2845 quantum
1260 2759 1338 2824 scri-

138 2873 232 2949 ptum
260 2864 383 2930 Karini
412 2864 610 2931 continebat.
655 2863 748 2929 'lunc
780 2863 978 2929 conturbata
1010 2868 1060 2929 cst
1090 2884 1273 2946 synagoga,
1305 2869 1338 2928 et

138 2971 294 3036 luxerunt
332 2991 444 3036 ornnes
460 3036 466 3049 ,
480 2969 547 3034 XL
582 2968 697 3034 diebus
733 2974 767 3034 et
802 2968 870 3035 XL
906 2967 1078 3051 noctibus,
1113 2973 1339 3051 exspectantes

137 3099 158 3142 a
188 3076 250 3141 deo
282 3077 453 3142 interitum
485 3081 519 3141 et
546 3073 599 3140 dei
630 3073 818 3140 vindictam.
871 3073 937 3140 Sed
967 3074 1027 3139 ville
1057 3074 1233 3138 miserator
1266 3074 1339 3155 pius

227 3303 270 3357 Cf.
289 3308 311 3355 Α
329 3306 375 3357 Xl.
410 3321 492 3355 omnen
510 3341 518 3356 .
537 3341 544 3355 .
564 3318 582 3357 a
599 3304 652 3355 rdd
670 3306 754 3354 coacti
775 3303 781 3369 Ι
805 3305 863 3353 Sat.
882 3308 907 3353 ct
929 3304 978 3370 ias.
998 3307 1025 3353 in
1048 3307 1112 3353 tart.
1138 3317 1197 3352 cum
1216 3316 1232 3353 c
1251 3338 1258 3352 .
1274 3338 1281 3351 .
1300 3315 1337 3354 aa

143 3391 227 3444 Satan
244 3394 271 3441 ia
289 3394 416 3458 infernum
434 3395 438 3453 Ι
457 3404 490 3442 uc
508 3390 589 3439 Nolis
606 3405 702 3455 quoqne
719 3394 744 3439 et
759 3388 763 3456 Ι
779 3405 796 3441 a
815 3406 869 3439 cam
887 3390 1014 3454 corporila
1033 3387 1148 3452 nostris!
1165 3401 1180 3438 c
1198 3402 1239 3437 om
1258 3389 1289 3436 de
1306 3388 1340 3436 iic

143 3475 147 3544 Ι
170 3491 189 3528 a
207 3481 232 3525 et
250 3492 313 3541 qaae
328 3480 401 3540 pecto
418 3492 439 3526 r.
457 3491 498 3538 ap.
517 3476 565 3538 inf.
583 3476 736 3540 rffmemue

230 3564 315 3612 odiar.
335 3580 352 3611 a
369 3563 439 3613 nobb
457 3598 487 3612 ..
507 3575 524 3612 a
542 3562 611 3627 apud
628 3579 672 3612 coa

225 3667 272 3718 xl.
310 3665 351 3717 Cf.
371 3669 393 3716 Α
412 3666 458 3717 xl.
490 3668 527 3717 At
548 3666 592 3714 uti
609 3692 619 3702 ·
639 3666 691 3714 dic.
712 3681 761 3728 per
782 3664 866 3713 omnic
889 3679 946 3712 cum
972 3661 999 3713 0.
1018 3663 1101 3712 Paulo
1120 3661 1256 3711 breviores
1274 3665 1339 3710 sunt

142 3769 188 3812 nn.
216 3758 221 3817 Ι
248 3755 326 3820 llcyit
348 3755 452 3805 Pilatus
474 3760 517 3805 otc
542 3770 601 3804 curn
624 3767 639 3805 c
664 3791 697 3804 ..
720 3767 754 3805 nc
777 3753 854 3815 rupit
871 3751 925 3801 Pil.
949 3755 973 3798 et
1000 3750 1029 3812 (B
1048 3750 1102 3814 orn)
1130 3749 1251 3800 Iadaeor.
1276 3764 1338 3814 pop.

140 3847 219 3912 sapit.
245 3847 322 3894 Aaou
339 3849 365 3894 et
378 3844 465 3906 Oaipd.
479 3844 583 3905 pariter
601 3843 674 3891 itant
691 3842 720 3905 (a
734 3842 846 3904 pariter,
865 3838 1011 3903 antequam)
1025 3838 1155 3901 plorando
1173 3837 1204 3902 (n
1217 3842 1282 3887 -ater
1296 3835 1339 3899 ac)

139 3933 254 3981 dicenter

227 4016 319 4063 mmm
346 4029 431 4077 conpr.
454 4012 563 4061 coemtio
592 4011 709 4074 perlecto
735 4008 780 4073 (h.
808 4011 826 4061 l.
853 4022 871 4061 n
892 4007 1028 4072 praelecta
1055 4007 1151 4064 habet,
1184 4005 1231 4055 red
1259 4021 1339 4071 snpra

137 4102 208 4152 locis
232 4102 266 4150 ila
290 4100 412 4166 pluribus
435 4099 481 4149 ubi
499 4098 616 4162 praelep.
636 4097 714 4146 malis
733 4111 810 4160 qnam
829 4094 946 4158 perlem,
972 4093 1055 4143 lectio
1075 4106 1129 4142 uon
1148 4091 1274 4153 fluctuat)
1296 4096 1339 4140 atr

141 4226 174 4242 ..
194 4204 211 4242 c
228 4193 355 4254 resumpto
373 4189 467 4253 spirita
486 4188 701 4250 conprepoceraat
719 4183 852 4233 conculam
869 4187 898 4231 rt
916 4182 1028 4245 loyereul
1045 4179 1134 4228 Leurir'
1157 4180 1285 4227 chonam:
1311 4179 1339 4227 in

139 4292 191 4344 qua
209 4275 385 4326 maechatur
403 4278 481 4324 toturn
499 4272 567 4321 illud
585 4271 650 4335 quod
667 4270 808 4332 arripuerat
827 4269 947 4327 Carinas,
974 4283 1021 4315 nec
1039 4265 1102 4328 plur
1123 4281 1169 4314 aar
1190 4265 1272 4314 mim
1287 4280 1339 4312 aaa

138 4363 231 4414 littera
248 4364 300 4412 cire
316 4377 392 4411 aaran
409 4361 472 4409 iota.
493 4359 497 4422 Ι
518 4356 721 4420 serapeetcado
741 4358 746 4417 Ι
766 4355 846 4404 adeo
865 4359 908 4403 otc
927 4368 986 4402 cum
1005 4366 1020 4404 c
1040 4387 1047 4401 .
1069 4388 1076 4402 .
1102 4350 1238 4415 amando
1254 4350 1340 4399 venial

138 4452 176 4502 eie
193 4452 327 4507 interitum
346 4460 363 4498 n
382 4449 506 4510 corrupte
526 4444 625 4510 quoodo
642 4443 705 4492 aas
721 4443 818 4492 veniret
835 4441 862 4489 ia
881 4440 959 4489 torric
