2962 4912
601 324 874 376 molimensem.
1244 343 1341 390 mxv

169 487 214 536 Per
249 473 269 536 i.
292 492 319 536 e.
348 472 547 538 Parisiensis
576 473 679 539 codex
709 495 749 538 ex
780 495 845 556 quo
877 473 975 539 Thilo
1011 474 1126 539 attulit
1158 476 1339 562 prologum.

249 583 347 649 Hune
373 604 434 667 per
464 606 610 650 errorem
640 607 726 650 num.
747 588 840 651 3333.
864 607 937 668 peg.
958 588 1030 651 313.
1059 588 1259 669 notavimus3
1288 595 1340 654 est

246 696 333 760 enim
358 698 449 761 1652.

154 818 226 870 voe:
249 805 377 872 Ultimo
408 807 481 872 looo
511 807 665 890 ponimus
698 808 755 890 qui
787 808 949 891 dignitate
980 810 1107 892 primus
1138 815 1190 875 est
1215 810 1340 878 Vindo-

245 918 424 983 boneneem
447 918 593 984 codicem
615 920 867 1002 palimpsestum
891 921 999 1002 quinti
1021 919 1073 985 vel
1098 922 1184 987 sexti
1206 923 1339 1005 soeculi,

244 1049 285 1094 ex
312 1031 405 1094 ouius
433 1030 557 1095 litteris
584 1031 768 1113 aegerrime
796 1030 943 1114 legendis
970 1037 1103 1114 praeter
1125 1055 1166 1098 ee
1189 1056 1274 1118 quoe
1297 1035 1340 1100 ad

244 1140 418 1223 prologum
454 1142 640 1207 notavimus
675 1163 705 1225 p.
738 1144 809 1207 313.
842 1143 988 1207 eruimus
1019 1143 1207 1228 fragmento
1238 1147 1340 1212 heeo:

245 1264 314 1318 tesnc
340 1255 437 1317 velam
466 1255 568 1339 templi
593 1259 718 1319 scissum
745 1266 789 1318 est
815 1259 847 1318 in
868 1258 928 1318 duo
956 1279 976 1318 a
1002 1278 1118 1319 summo
1140 1280 1234 1343 usqae
1255 1262 1339 1323 deor·

245 1389 310 1429 nem
324 1402 337 1414 ·
353 1403 366 1414 ·
382 1377 490 1451 petrae
498 1370 601 1450 fissae
621 1377 693 1430 suot
713 1378 742 1429 et
762 1378 952 1431 monumento
975 1379 1082 1452 aperto
1104 1381 1177 1433 sunt
1195 1382 1225 1433 et
1244 1372 1340 1435 melta

245 1499 373 1562 corpora
396 1500 498 1541 eorum
521 1482 575 1563 qai
594 1477 647 1562 (cf.
669 1476 736 1558 XI,
761 1482 814 1564 1.);
846 1480 1010 1543 revelentur
1032 1483 1068 1542 de
1089 1482 1251 1545 maltorum
1274 1507 1339 1547 cor·

246 1591 331 1652 ditos
358 1593 559 1675 capitaliorem.
603 1592 709 1653 dicunt
727 1591 878 1654 didascali
904 1603 933 1654 et
958 1592 1063 1654 levitae
1087 1593 1161 1655 leaeo
1187 1597 1245 1657 ista
1268 1617 1339 1679 quo-

247 1703 332 1764 modo
355 1703 496 1764 audisset.
536 1703 610 1765 dicit
630 1702 687 1764 leot
707 1725 767 1765 non
788 1706 869 1765 scitis
891 1707 1033 1788 quoniam
1055 1703 1107 1787 (of.
1122 1701 1222 1783 XVI,
1242 1707 1267 1768 1.
1283 1708 1339 1789 2.):

245 1817 269 1874 o·
287 1823 359 1875 eunt
378 1817 439 1876 iam
455 1817 546 1899 quasi
566 1817 679 1876 mortui
698 1825 728 1876 et
747 1816 916 1877 ceciderant
936 1818 968 1877 in
990 1825 1073 1878 terro
1091 1819 1341 1880 cticissnoverunt
1453 1860 1458 1871 ι

245 1947 336 2010 esqese
357 1927 401 1988 ool
420 1926 528 1988 loram
550 1948 671 1988 natam.
693 1936 722 1988 et
741 1937 927 2010 reponerent
946 1949 995 1989 cos
1011 1902 1182 1990 nicodemus
1197 1938 1226 1990 ct
1238 1929 1339 2012 iosepls

245 2034 296 2117 (of.
319 2035 418 2115 XVI,
444 2039 482 2119 1.)

224 2146 364 2211 Praeter
383 2147 444 2211 hos
465 2146 535 2211 eod.
551 2168 625 2211 mss.
640 2146 835 2230 plerumque
852 2148 1050 2213 contulimus
1065 2159 1127 2212 σὰν*
1142 2149 1162 2213 i.
1178 2169 1205 2213 e.
1222 2148 1340 2214 editio·

156 2279 216 2323 nem
224 2258 406 2341 prinoipem
417 2278 503 2341 quae
512 2257 651 2339 ridetur,
664 2258 752 2341 apud
760 2258 944 2324 Lud.Hein
955 2260 989 2323 in
999 2259 1174 2342 Repertor.
1184 2260 1340 2343 bibliogr.

156 2390 227 2434 num.
243 2371 356 2433 11749.
377 2373 527 2433 notatam
550 2369 637 2448 (vide
660 2390 760 2452 supra
782 2391 855 2454 pag.
869 2369 1014 2453 LXX.);
1037 2371 1117 2435 item
1133 2392 1173 2436 ex
1188 2370 1339 2437 Thilonis

158 2481 229 2545 notis
254 2478 433 2563 aliquoties
455 2481 550 2556 mps‘d
580 2484 601 2546 i.
624 2502 651 2546 e.
678 2480 856 2546 editionem
878 2481 969 2565 Lips.
996 2503 1024 2546 e.
1049 2484 1140 2546 1516.
1168 2483 1254 2567 (vide
1276 2483 1336 2548 ibi-

159 2592 225 2676 dem)
235 2593 265 2675 1).
309 2592 441 2657 Passim
468 2592 568 2657 etiem
592 2613 692 2675 quum
720 2614 913 2676 graecorum
939 2597 1010 2657 tum
1031 2594 1224 2676 interpretis
1247 2595 1338 2678 oopti

158 2705 300 2768 rationem
321 2701 505 2768 habuimus.

228 2832 383 2898 secundus
404 2837 554 2895 textuum
576 2831 755 2897 latinorum
778 2831 1010 2897 Descensus
1029 2831 1185 2898 Christi
1208 2832 1256 2897 ed
1278 2834 1336 2896 in-

160 2942 247 3007 feros
269 2941 397 3007 latine
419 2941 452 3006 A
476 2948 535 3007 est.
580 2940 637 3007 Ad
659 2943 747 3007 hune
771 2942 901 3008 codices
924 2942 958 3006 hi
982 2947 1146 3026 spectant:

224 3190 245 3253 1)
265 3192 305 3242 nd
324 3197 416 3243 notem
434 3193 562 3259 temporie
581 3193 693 3259 prologo
711 3193 831 3244 sdditem
851 3194 968 3245 conterri
987 3195 1069 3244 etism
1090 3198 1182 3259 potest
1204 3197 1339 3261 scripture

157 3295 208 3343 quse
229 3295 259 3330 ex
282 3279 343 3330 cod.
368 3280 478 3329 membr.
499 3278 672 3332 Gieesensl
695 3281 797 3331 soeculi
820 3281 878 3330 fere
899 3279 971 3333 XIV.
995 3281 1131 3345 exscripti
1152 3283 1286 3345 reperitur
1309 3283 1337 3332 in

155 3362 347 3415 scrutationem
365 3365 533 3415 bibliothece
551 3365 646 3416 oritios
664 3369 694 3416 et
716 3365 855 3430 exegetiee
872 3364 943 3414 Novi
960 3365 1035 3415 Test.
1055 3364 1096 3424 11,
1115 3367 1139 3415 1.
1163 3382 1189 3429 p.
1207 3366 1258 3415 508
1276 3381 1339 3430 sqq.

153 3450 291 3512 (lindsmer.
311 3451 387 3500 1793.
408 3449 495 3513 1301.)
531 3451 573 3500 lbi
597 3452 636 3501 sic
661 3452 761 3517 legitur
781 3449 920 3517 [Hastam
938 3455 977 3501 eet
993 3452 1021 3500 in
1038 3467 1104 3500 anno
1122 3453 1283 3503 noeoelecinno
1301 3457 1339 3517 ty·

152 3537 203 3586 lesii
219 3539 316 3586 cesaris
334 3537 498 3601 inperatoris
514 3552 677 3587 rosnonoesnn
696 3544 721 3587 et
738 3539 840 3587 herodis
854 3537 913 3604 filii
935 3538 1038 3587 medie
1055 3539 1218 3600 imperatoris
1232 3537 1338 3602 palilee,

150 3639 203 3674 esso
221 3639 286 3673 nono
304 3622 399 3672 decim
413 3624 579 3687 principatus
596 3627 651 3673 cisse
673 3623 749 3674 Vm.
763 3623 823 3674 Kal.
837 3624 916 3688 april.
937 3625 1003 3688 qaod
1020 3628 1059 3673 eet
1076 3623 1165 3673 XXV.
1179 3625 1221 3673 die
1238 3624 1338 3682 marcii,

148 3710 282 3760 eossnlilsss
297 3706 377 3775 {basso
401 3712 426 3758 et
448 3710 587 3774 tarqnils'o,
611 3727 677 3760 anno
697 3713 789 3775 quarto
811 3711 980 3759 dmenteeima
1002 3711 1113 3759 secanda
1134 3711 1271 3775 olimpiade
1293 3711 1338 3760 sel

143 3796 296 3860 principibu
312 3795 472 3844 sacerdotem
490 3797 621 3846 iudeorum
639 3798 726 3860 ioseph
743 3800 768 3846 et
785 3813 850 3845 anese
867 3799 892 3844 et
910 3796 1011 3859 caiplse,
1034 3801 1129 3860 quarta
1145 3797 1187 3845 elie
1204 3801 1263 3859 poet
1282 3813 1338 3846 orn·

144 3897 187 3930 oen
204 3884 229 3929 et
247 3880 394 3943 passionem
412 3880 509 3928 domini
525 3882 682 3946 lydormtne
699 3887 737 3930 est
753 3881 913 3930 nmloeteenas
930 3883 990 3928 acta
1009 3879 1170 3942 principalia
1188 3880 1303 3946 (corrige
1322 3896 1338 3930 e

143 3966 317 4032 principibus)
336 3965 496 4016 sacerdotem
513 3973 539 4018 et
556 3968 664 4032 reliqniis
681 3968 819 4017 indemni.
838 3962 989 4031 [Mandavit
1006 3967 1060 4027 ipse
1071 3965 1231 4015 nichotesnas
1242 3966 1339 4015 litteris

141 4051 269 4100 lslroicie
306 4049 390 4099 Porro
409 4050 517 4101 initium
536 4052 575 4101 sio
593 4052 723 4116 scriptum
742 4050 841 4100 dieitur
859 4064 925 4098 anne
942 4053 967 4098 et
984 4050 1074 4111 caiplse
1091 4052 1116 4097 et
1132 4064 1224 4098 sem
1241 4054 1266 4098 et
1278 4051 1339 4099 desti

138 4135 267 4200 panolieli
284 4134 359 4184 isulee
377 4134 428 4183 leri
445 4136 569 4198 neptalin
587 4135 729 4185 aleeanm
747 4139 772 4184 et
790 4136 875 4183 tisiaco
893 4134 989 4198 rels'pess'
1006 4134 1136 4184 iudeorum
1153 4140 1275 4185 semes
1292 4136 1338 4184 acl·

140 4239 218 4273 serens
236 4223 305 4272 ean.
318 4224 370 4271 Iee.
384 4227 533 4271 accusantes
550 4237 604 4270 eam
621 4222 653 4270 de
671 4221 758 4270 meltis
776 4221 919 4271 actionibus
936 4220 1013 4270 molis
1029 4222 1142 4270 dieentes
1153 4223 1233 4270 Istam
1245 4221 1337 4269 Iesenn.

139 4309 221 4361 codex
240 4309 300 4359 exit
319 4307 408 4356 verbis
427 4307 526 4371 cepitis
544 4307 638 4357 xxvl.
665 4307 818 4356 Benedictus
834 4323 861 4356 es
878 4308 978 4356 domim
995 4308 1150 4369 omnipotens
1162 4331 1192 4346 ··
1203 4304 1337 4368 spirituali
