2962 4912
144 255 204 317 166
409 256 641 309 svaudunum
658 255 806 306 ruousu
824 254 996 306 naamam
1022 253 1074 305 111.

141 426 221 472 ecee
233 427 355 472 manus
365 406 471 491 plena
481 407 611 472 tritico.
636 403 786 472 Ostendi
803 404 876 470 illis
893 410 929 470 et
939 404 1052 487 sparsi
1062 404 1230 488 triticum,
1249 403 1346 489 quod

141 515 177 578 in
198 514 356 598 periculo
384 535 401 579 e
425 514 540 580 medio
561 521 702 599 gerunt:
729 518 873 596 propter
893 511 959 577 hec
986 512 1079 577 enim
1099 512 1348 595 pugnaverunt

140 618 234 682 intra
250 638 286 682 se
303 623 344 682 ut
359 616 556 683 dividerent
570 617 736 683 triticum.
770 616 782 656 ³
796 615 844 680 Et
859 635 930 681 non
946 614 1129 698 praeteriit
1144 612 1228 679 inde
1243 611 1347 676 Iesus

141 719 253 786 denec
269 719 498 803 adimpletum
514 726 577 786 est.
601 720 650 785 Et
664 719 730 786 hoe
746 719 839 785 facto
856 718 1024 801 magister
1037 717 1154 799 eoepit
1171 736 1252 781 eum
1268 732 1349 797 pro-

140 823 247 889 iicere
264 822 306 888 de
324 823 463 888 civitate
482 845 552 888 una
568 844 646 888 cum
662 829 772 888 matre
790 842 863 886 sua.

242 1098 335 1150 Cart-m
355 1100 405 1150 111.
433 1098 608 1159 QUOMODO
627 1098 727 1150 Iasus
748 1097 925 1148 adrassus
944 1097 1008 1147 EST
1026 1099 1072 1147 Da
1091 1094 1240 1147 EGYPTO.

227 1285 237 1319 ¹
258 1284 306 1348 Et
327 1304 407 1350 eece
429 1285 575 1369 angelus
598 1284 731 1350 domini
753 1284 895 1350 obvians
917 1283 1051 1348 Mariae
1076 1281 1164 1347 dixit
1185 1281 1231 1347 ad
1253 1301 1343 1345 eam:

139 1384 239 1451 Tolle
265 1408 412 1470 puerum
443 1391 479 1452 et
503 1392 676 1452 revertere
706 1387 742 1450 in
769 1391 898 1451 terram
922 1383 1152 1464 Iudaeorum3
1182 1383 1345 1449 defuncti

141 1495 224 1553 sunt
239 1490 332 1554 euim
344 1490 404 1573 qui
416 1489 633 1572 quaerebant
649 1489 799 1555 animam
815 1489 902 1553 eius.
927 1485 1087 1554 Surrexit
1103 1493 1219 1553 autem
1230 1484 1348 1552 Maria

141 1611 218 1656 eum
238 1591 336 1674 Iesu,
361 1597 396 1657 et
415 1597 647 1675 perrexerunt
666 1593 703 1656 in
726 1592 901 1657 civitatem
921 1589 1098 1655 Nazareth
1120 1610 1209 1675 quae
1233 1595 1290 1656 est
1309 1590 1347 1655 in

138 1694 291 1778 propriis
308 1694 412 1759 rebus
428 1695 539 1778 patris
560 1695 625 1760 sui.
671 1696 682 1728 ¹
700 1694 749 1760 Ut
764 1699 881 1759 autem
897 1694 983 1759 exiit
998 1693 1128 1776 Ioseph
1145 1692 1186 1758 de
1204 1692 1347 1777 Egypto

138 1803 381 1881 postmortem
397 1798 568 1882 Herodis,
591 1797 675 1864 tulit
697 1819 775 1863 eum
797 1797 833 1862 in
851 1797 989 1863 deserto
1011 1797 1223 1880 usquedum
1243 1795 1350 1862 fieret

140 1901 380 1984 tranquillitas
397 1903 434 1967 in
444 1902 639 1969 Ierusalem
651 1900 693 1966 de
704 1899 758 1967 his
771 1902 831 1986 qui
843 1900 1060 1984 quaerebant
1070 1901 1219 1966 animam
1229 1901 1348 1985 pueri.

139 2002 187 2068 Et
204 2005 276 2087 egit
292 2006 422 2088 gratias
440 2004 505 2071 deo
523 2006 617 2090 quod
634 2004 734 2071 dedit
749 2004 1036 2088 intelligentiam,
1060 2006 1193 2087 etquis
1210 2004 1350 2069 invenit

139 2107 287 2190 gratiam
304 2128 420 2173 eoram
436 2107 577 2175 domino
595 2107 671 2190 deo,
689 2129 799 2173 amen.

139 2283 250 2291 ..ι--
281 2286 354 2293 ..--

139 2386 250 2434 ostendit
261 2401 386 2450 eparpeae
398 2387 519 2444 triticum,
536 2388 602 2451 qued
615 2403 668 2436 eum
678 2387 795 2448 periculo
807 2387 874 2435 emit.
889 2385 945 2449 (his
958 2388 1043 2436 multo
1056 2386 1172 2436 rectiore
1185 2387 1302 2451 praebet
1316 2386 1348 2449 Δ)

137 2471 251 2534 Propter
268 2471 314 2519 aar
327 2487 447 2535 pascerer
459 2477 639 2535 pupaaeeruat
656 2476 685 2520 ut
697 2472 840 2521 dividerent
852 2473 965 2521 triticum
983 2472 1049 2522 ister
1061 2488 1096 2521 ee.
1132 2467 1194 2521 Ἐἰ
1211 2489 1265 2522 aaa
1283 2474 1345 2522 iude

134 2556 276 2618 praeteriit
286 2556 360 2606 Ieeue
370 2558 449 2607 doaee
460 2557 488 2606 id
498 2558 564 2621 qued
575 2558 680 2607 dixerat
692 2557 722 2621 (P
735 2559 874 2609 docuerat?
893 2558 1028 2622 Scriptum
1040 2558 1148 2608 uidetur
1159 2559 1285 2619 duxerat)
1298 2560 1346 2609 ae-

139 2640 268 2704 impletum
280 2647 326 2691 eet.
351 2643 389 2691 Et
401 2644 456 2707 ipre
467 2644 589 2707 magister
601 2644 668 2708 repit
680 2644 779 2694 iactare
792 2661 846 2693 eura
857 2645 889 2693 de
900 2645 957 2708 ipsa
970 2644 1073 2693 ciuitate
1086 2660 1140 2692 eura
1153 2644 1247 2693 Maria
1259 2650 1345 2695 matre

139 2742 200 2776 erae.

208 2828 260 2887 111,
280 2832 304 2879 1.
327 2835 353 2879 et
361 2837 545 2894 perrexerunt:
562 2837 587 2881 et
600 2847 654 2881 nou
667 2833 750 2882 estin
764 2832 857 2881 codiee
871 2831 1011 2881 Vaticano.
1032 2831 1080 2880 Hie
1095 2831 1265 2894 respondent
1278 2850 1349 2898 quae

140 2914 230 2978 eapite
242 2914 352 2965 xxvn.
369 2916 529 2968 Pur-iriensis
542 2919 662 2982 praebet.
681 2916 830 2968 Praemisso
846 2918 941 2967 titulo:
960 2917 1002 2967 De
1013 2932 1115 2979 eareeeu
1128 2918 1187 2967 Ieeu
1201 2924 1228 2969 et
1240 2922 1349 2971 Mariae

139 3003 171 3050 de
189 3003 305 3068 qupto,
324 3005 361 3055 ibi
379 3005 444 3055 haee
463 3007 603 3070 leguntur:
629 3006 744 3070 dayetue
760 3007 856 3055 asaia
873 3006 985 3057 obviarit
997 3007 1103 3056 Mariae
1120 3011 1147 3055 et
1162 3007 1247 3055 dieite
1272 3007 1348 3057 ruta

135 3104 244 3151 paenam
255 3094 280 3138 et
292 3094 419 3139 reuertere
431 3091 457 3138 ia
469 3094 565 3139 terram
575 3091 656 3141 Iudae
662 3111 671 3149 ,-
684 3092 800 3157 dej'uurti
811 3097 870 3140 ruat
881 3093 946 3141 caira
959 3091 1043 3154 (Thil.
1057 3093 1125 3142 melo
1137 3093 1170 3154 ii)
1184 3094 1229 3156 qai
1240 3108 1347 3157 quaere·

139 3173 203 3222 bant
221 3175 331 3223 aairaaau
343 3177 428 3237 pueri.
454 3176 575 3227 Surrexit
590 3181 674 3226 autera
685 3177 778 3226 Maria
793 3176 931 3235 ramlera,
949 3180 975 3226 et
981 3182 1154 3240 perrexeruut
1171 3179 1199 3226 ia
1216 3179 1349 3228 ciuitatem

142 3258 329 3322 Gapharaaura
343 3276 407 3324 quae
419 3265 457 3311 eet
468 3261 624 3327 lyderiadie,
637 3263 663 3311 iu
668 3263 788 3326 propria
798 3262 873 3311 retae
881 3263 969 3324 patrie
977 3263 1024 3311 uui.
1049 3257 1059 3289 ¹
1077 3263 1110 3311 Ut
1122 3267 1205 3312 autem
1214 3264 1349 3314 intellexit

140 3344 232 3407 Iorepi
245 3347 306 3409 quia
316 3348 385 3396 veuit
396 3347 470 3397 Ieeue
480 3349 512 3397 de
524 3349 635 3413 Epypte,
644 3352 705 3413 poet
715 3353 820 3399 monem
832 3348 954 3407 Herodis,
967 3349 1029 3398 tulit
1040 3365 1094 3397 eum
1105 3350 1132 3398 ia
1144 3350 1255 3417 deserte,
1268 3366 1348 3414 utque

140 3430 285 3496 dumfieret
296 3432 476 3496 tranquillitas
494 3434 520 3482 ia
532 3434 696 3483 Hierusalem
713 3434 744 3483 al
756 3435 796 3483 aa
809 3431 878 3499 [qur]
892 3435 1046 3498 quaerebant
1055 3450 1169 3498 pamm
1184 3435 1232 3503 ¹Et
1241 3438 1349 3499 gratiae

139 3516 192 3579 epit
204 3517 250 3567 deo
260 3518 320 3581 qaia
329 3518 400 3568 dedit
412 3519 436 3568 ei
447 3519 525 3568 taleae
533 3519 738 3583 iateltipeatiam,
752 3525 777 3570 et
786 3521 846 3584 qaia
857 3521 952 3569 invenit
958 3521 1072 3584 qratiam
1082 3536 1168 3570 eoram
1176 3521 1280 3571 domiuo
1289 3521 1346 3573 deo.

141 3601 193 3660 Qui
205 3608 296 3653 textus
309 3620 325 3653 e
334 3604 467 3656 Vaticano
480 3605 571 3655 differt
584 3606 713 3670 imprimis
727 3622 758 3656 eo
772 3607 844 3670 quod
856 3606 1000 3670 Iosephum
1013 3622 1067 3656 uon
1080 3622 1132 3656 unu
1145 3622 1204 3656 cum
1214 3607 1304 3656 Maria
1317 3622 1348 3657 ur

140 3703 221 3751 puero
235 3704 267 3738 ex
278 3689 384 3754 Egypto
395 3690 482 3742 redire
492 3691 540 3741 sed
549 3691 696 3742 redeuutes
708 3692 771 3741 illos
785 3693 907 3756 excipere
917 3693 994 3743 feeit.
1014 3691 1091 3750 Quod
1104 3692 1157 3743 etei
1167 3693 1237 3742 satie
1247 3693 1346 3743 mirum

141 3778 191 3831 eet,
206 3778 296 3825 tamen
311 3792 326 3825 a
338 3781 467 3827 contextu
481 3777 552 3827 haud
565 3777 701 3827 abhorret.

209 3880 248 3929 Ex
261 3881 353 3931 codiee
366 3895 396 3940 a,
415 3887 447 3931 ut
464 3883 516 3931 iam
535 3897 616 3946 supra
628 3881 700 3947 (pag.
714 3879 768 3944 93.)
787 3882 936 3931 indicatum
950 3886 1005 3938 eut,
1023 3881 1075 3931 hnc
1094 3882 1260 3933 conferenda
1279 3882 1348 3933 haee

140 3972 217 4016 eunt:
255 3963 264 3995 ¹
276 3969 340 4018 Part
351 3970 414 4018 haee
425 3968 531 4033 aayelae
541 3969 637 4019 domiai
649 3969 756 4018 accerrit
768 3969 802 4017 ad
814 3969 906 4030 Ioseph
918 3969 989 4017 etad
1002 3967 1117 4016 Mariam
1128 3971 1236 4017 matrem
1248 3967 1311 4017 Ieeu
1323 3972 1352 4018 et

139 4053 208 4102 dieit
219 4055 254 4102 ad
266 4071 323 4104 eor:
346 4056 464 4117 Acapite
471 4071 587 4121 puerum,
599 4055 756 4105 revertimini
768 4056 795 4104 ia
806 4059 903 4104 terram
915 4054 1001 4104 Israel
1004 4072 1013 4111 ,·
1026 4054 1142 4119 desurreti
1152 4058 1212 4103 ruat
1224 4056 1292 4104 euim
1305 4056 1352 4120 qui

140 4140 296 4204 quaerebant
314 4143 423 4191 animam
437 4143 523 4204 pueri.
549 4142 723 4192 Surreaeruat
741 4145 824 4191 autem
841 4138 897 4206 [et]
915 4145 1037 4190 reamari
1048 4141 1179 4198 Nazaret,
1197 4139 1242 4189 ubi
1253 4141 1353 4206 Ieeepte

140 4225 206 4275 tora
215 4231 328 4290 paterae
339 4228 447 4278 habetat
463 4232 489 4278 et
503 4228 658 4292 perridebat.
694 4223 756 4277 Ἐἰ
767 4244 822 4277 eum
830 4229 924 4292 fertur
935 4230 1000 4276 erret
1012 4226 1085 4276 Iesse
1100 4241 1225 4276 errorum
1241 4231 1353 4290 septen,

132 4313 213 4377 sarta
232 4317 270 4362 eet
288 4313 467 4379 tranquillitas
484 4315 511 4362 in
527 4329 605 4377 repre
623 4313 737 4364 flavae
753 4315 785 4363 de
801 4313 913 4363 omaitue
930 4311 986 4362 illie
1003 4313 1047 4376 qui
1063 4312 1218 4377 quwedaat
1235 4314 1355 4362 ammae

137 4400 222 4463 pueri.
248 4399 353 4451 Reuerei
364 4401 391 4450 ia
403 4399 534 4451 Bethleem
545 4400 712 4450 merebantur
723 4400 767 4449 iti.
