2962 4912
137 1401 140 1404 Ι
266 1302 388 1379 MORS
414 1302 573 1379 PILATI
600 1303 681 1399 Qui
709 1304 852 1379 IESUM
879 1303 1217 1379 oouuuusnvm.

210 1502 311 1578 ¹Onm
349 1512 460 1572 autem
496 1505 650 1573 Tiberius
688 1506 810 1573 Caesar
826 1507 850 1591 ¹)
891 1491 1123 1572 Romanorum
1159 1505 1339 1588 imperator

141 1608 234 1689 gravi
263 1606 378 1674 morbo
405 1613 589 1692 teneretur,
621 1613 654 1674 et
685 1607 872 1691 intelligens
901 1608 979 1691 quia
1005 1606 1225 1690 Ierosolymis
1257 1611 1339 1672 esset

140 1707 274 1792 quidam
301 1708 461 1791 medicus,
491 1711 625 1775 nomina
653 1709 761 1792 Iesus,
793 1709 851 1793 qui
883 1728 996 1774 ornnes
1027 1707 1239 1774 infirmitates
1271 1708 1337 1774 solo

140 1809 239 1875 verbo
268 1816 374 1894 curat,
401 1812 550 1878 nesciens
574 1811 661 1896 quod
684 1811 801 1877 Iudaei
824 1817 858 1876 at
880 1811 1009 1876 Pilatus
1035 1831 1111 1875 eum
1135 1810 1339 1891 occidissent

141 1916 304 1999 praecipit
327 1915 458 1982 cuidam
480 1937 545 1981 suo·
563 1915 720 1982 familiari
745 1917 876 1981 nomine
899 1914 1102 1983 Volusianus
1125 1913 1222 1982 Vade
1247 1915 1339 1980 eitius

141 2038 240 2100 quarn
267 2023 361 2103 potes
389 2026 480 2085 trans
507 2026 621 2104 partes
649 2018 808 2102 marinas,
836 2018 992 2102 dicesquo
1013 2017 1125 2084 Pilato
1147 2038 1223 2084 meo
1247 2017 1340 2083 serri-

140 2119 205 2185 tori
228 2126 262 2184 ot
284 2121 390 2187 amico
413 2128 451 2187 ut
476 2121 564 2187 huno
591 2119 754 2187 medicum
784 2119 865 2186 mihi
891 2122 1004 2186 mittat
1025 2121 1082 2204 qui
1105 2141 1157 2186 me
1180 2120 1339 2203 pristinas

141 2223 277 2289 sanitati
304 2225 468 2291 restituat.
519 2224 585 2309 Qui
613 2223 815 2292 Volusianus
846 2223 960 2290 audito
992 2229 1170 2307 praesepto
1202 2225 1339 2307 impera·

139 2326 222 2390 toris
250 2328 362 2392 statim
389 2327 554 2410 discessit,
586 2334 619 2394 et
644 2332 763 2393 ventus
790 2328 873 2412 θεῖ’)
901 2327 944 2392 ad
966 2327 1112 2393 Pilatum
1139 2329 1228 2393 sicut
1251 2348 1338 2410 prae-

141 2433 271 2513 ceptum
294 2437 344 2497 est
367 2431 406 2496 ei.
450 2430 496 2496 Et
518 2451 658 2497 narrans
682 2430 788 2496 eidem
810 2430 922 2496 Pilato
946 2451 985 2496 ea
1008 2451 1093 2516 quae
1117 2429 1182 2495 sibi
1205 2427 1337 2496 a'Pibe

140 2530 189 2598 rio
217 2530 359 2600 Caesare
386 2534 562 2601 commissa
589 2531 737 2617 fuerant,
768 2533 881 2599 dicens
907 2532 1064 2601 'liberius
1092 2532 1217 2602 Caesar
1244 2534 1338 2618 impe·
1402 2548 1405 2553 ’

140 2638 232 2700 rator
253 2634 495 2719 Romanorum,
526 2639 577 2704 tui
604 2638 769 2721 dominus,
801 2637 912 2704 audito
936 2638 1028 2721 quod
1053 2639 1088 2703 in
1116 2639 1254 2705 civitate
1276 2639 1336 2705 ista

139 2742 191 2801 ost
213 2737 360 2804 medicus
383 2741 440 2823 qui
467 2741 537 2807 solo
560 2740 660 2807 verbo
688 2746 785 2806 sanat
812 2739 1036 2824 infirmitates,
1063 2747 1164 2825 rogat
1190 2747 1226 2805 te
1248 2741 1337 2806 rehe-

139 2844 267 2905 menter
297 2847 336 2906 ut
367 2863 440 2907 oum
472 2841 536 2907 sibi
566 2842 698 2908 mittere
729 2840 851 2907 debeas
882 2861 943 2925 pro
974 2863 1036 2907 sua
1065 2840 1261 2907 infirmitate
1289 2863 1337 2907 cu-

139 2941 251 3007 randa.
295 2942 446 3009 Audiens
474 2945 556 3010 haec
578 2944 710 3010 Pilatus
738 2944 875 3009 territus
904 2949 953 3009 est
982 2941 1089 3027 valde,
1118 2945 1226 3009 scions
1253 2941 1336 3027 quod

140 3063 200 3126 por
231 3045 386 3112 invidiam
417 3069 492 3114 eum
524 3047 629 3114 occidi
661 3044 795 3114 fecerat.
851 3045 1038 3131 Respondit
1068 3047 1200 3114 Pilatus
1235 3044 1336 3113 eidem

139 3148 255 3214 nuntio
279 3149 327 3213 sic
349 3148 462 3216 dicens
484 3149 552 3216 Hie
579 3149 677 3216 homo
703 3155 775 3215 arat
798 3147 992 3215 malefactor
1015 3155 1049 3214 et
1069 3149 1167 3214 homo
1193 3149 1251 3232 qui
1273 3154 1336 3215 tra·

139 3249 242 3315 habat
271 3252 313 3318 ad
344 3274 377 3318 so
409 3260 517 3319 totum
548 3253 721 3337 populum:
759 3254 808 3317 sic
838 3251 953 3318 habito
985 3252 1121 3318 oonsilio
1153 3253 1336 3335 sapientum

139 3353 283 3420 civitatis
319 3377 393 3420 eum
427 3357 611 3424 crucifioari
642 3357 714 3424 feci.
769 3355 834 3442 Qui
865 3357 1002 3422 nuntius
1032 3355 1164 3421 rediens
1195 3354 1239 3420 ad
1270 3355 1336 3420 eins

139 3455 319 3542 hospitium
342 3459 495 3526 obviatus
518 3469 569 3526 est
591 3459 721 3527 cuidam
744 3460 874 3526 mulieri
898 3461 1030 3526 nomine
1052 3457 1232 3541 V'eronioa
1255 3479 1336 3544 quae

139 3558 248 3627 tuerat
274 3559 447 3629 familiaris
475 3563 567 3650 Iosu,
596 3563 760 3632 dioensO
789 3563 921 3645 mulier,
950 3563 1096 3630 medicus
1120 3561 1257 3647 quidam
1284 3562 1336 3646 qui

139 3661 174 3727 in
195 3662 260 3728 hac
287 3664 422 3730 civitate
450 3671 537 3746 erat,
565 3666 622 3749 qui
650 3666 721 3732 solo
743 3665 845 3731 verbo
871 3685 991 3748 aegros
1019 3663 1173 3747 sanabat,
1202 3684 1263 3729 our
1290 3684 1336 3730 oc·

140 3764 320 3851 oiserunt³)
353 3788 427 3832 eum
454 3767 597 3834 Iudaei?
641 3767 691 3833 At
718 3767 776 3833 illa
803 3767 915 3849 coepit
940 3765 1019 3831 flere
1042 3765 1155 3832 dicens
1177 3765 1259 3832 Heu
1280 3787 1336 3846 mo,

139 3866 282 3951 domine,
314 3867 393 3934 deus
420 3891 512 3936 meus
541 3876 574 3946 et
601 3870 752 3935 dominus
780 3889 886 3950 meus,
918 3889 1016 3952 quem
1044 3867 1176 3933 Pilatus
1204 3888 1266 3952 pro
1293 3869 1336 3932 in·

141 3991 353 4001 m..—

226 4062 248 4109 1.
277 4058 366 4113 Codex
385 4063 410 4113 h.
429 4063 446 4112 l.
466 4067 494 4112 et
512 4063 583 4112 infra
602 4062 684 4112 semel
705 4062 840 4112 Caesarine
857 4061 952 4119 habet,
976 4061 1041 4112 item
1060 4076 1076 4109 a
1097 4059 1199 4110 fiterio
1219 4058 1337 4110 Caemrlo

139 4144 275 4196 mortuae.

224 4229 249 4280 2.
277 4235 364 4281 veatae
381 4235 432 4281 eet:
455 4233 495 4281 ite
513 4230 605 4281 codex.
642 4230 774 4282 Similiter
793 4235 855 4295 port
874 4229 956 4280 hebet
974 4229 1091 4279 obsideo
1108 4231 1156 4279 eet.

225 4320 249 4367 8.
275 4319 486 4369 oontemserit·
505 4316 597 4368 codex.
