2962 4912
177 307 241 370 476
572 309 739 361 immons
763 311 988 364 sunvunoms.

180 460 269 525 hunc
291 460 461 538 mundum,
490 468 524 525 et
545 462 579 524 in
600 461 726 527 Iudaea
749 463 782 526 in
804 463 879 528 loco
903 463 959 546 qui
983 463 1103 529 dicitur
1124 463 1297 529 Bethleem
1322 485 1380 529 na·

178 569 233 628 tus
261 568 324 644 est,
354 569 388 627 et
415 561 558 627 traditus
587 561 650 627 fuit
673 584 693 628 a
715 562 849 628 Iudaeis
871 569 905 629 et
927 563 1112 648 flagellatus
1139 570 1173 630 ct
1200 565 1381 630 crucifixus

179 667 214 731 in
239 667 381 730 calvario
406 671 529 747 monte,
552 672 585 730 et
607 667 707 732 tertia
730 666 782 731 die
804 667 988 732 resurrexit
1010 689 1030 734 a
1053 669 1204 734 mortuis:
1233 674 1268 734 et
1289 668 1380 734 ride·

179 777 258 834 runt
280 792 354 835 eum
378 768 531 852 discipuli
554 771 623 835 eius
646 771 681 834 in
704 770 817 835 eadem
841 791 939 835 carne
960 792 1026 854 qua
1048 777 1144 837 uatus
1169 779 1232 838 est:
1257 779 1290 837 et
1312 794 1380 838 ma·

179 872 348 937 nilestavit
377 892 411 936 se
440 872 611 955 discipulis
640 873 726 952 eius,
755 880 788 937 et
816 872 1027 939 crediderunt
1054 875 1087 938 in
1116 895 1199 940 eum.
1246 875 1293 939 Et
1319 895 1379 940 nos

181 975 314 1059 quidem
336 975 485 1040 volumus
508 974 662 1057 discipuli
686 976 756 1041 eius
778 976 858 1042 fieri.
895 974 995 1041 Nunc
1018 998 1130 1042 eamus
1152 984 1186 1042 et
1208 978 1379 1045 deleamus

179 1078 330 1142 inimicos
359 1076 494 1142 eiusde
521 1083 625 1158 terra,
653 1084 690 1143 ut
716 1099 802 1143 nunc
831 1084 1036 1162 cognoscant
1057 1081 1136 1163 quia
1163 1102 1229 1146 non
1259 1087 1311 1146 est
1337 1081 1378 1145 si-

179 1181 267 1247 milis
290 1181 422 1247 domino
446 1181 507 1246 deo
531 1189 648 1247 nostro
671 1203 770 1265 super
791 1183 911 1248 faciem
932 1189 1052 1249 terrae.

269 1295 295 1334 ¹²
317 1293 465 1359 Consilio
494 1298 603 1358 autem
631 1295 715 1359 inito
744 1295 894 1359 exierunt
923 1294 962 1359 de
992 1294 1126 1360 civitate
1147 1295 1266 1360 Libiae
1293 1316 1379 1378 quae

182 1397 304 1462 dicitur
331 1396 541 1479 Burgidalla‚
570 1403 604 1462 et
631 1399 853 1463 ascenderunt
878 1399 913 1462 in
940 1398 1071 1481 navigio
1100 1404 1133 1464 et
1160 1406 1380 1481 perrexerunt

181 1500 424 1584 Ierosolimam,
454 1508 487 1565 et
515 1502 801 1567 circumdederunt
825 1523 961 1584 regnum
984 1501 1185 1568 Iudaeorum
1209 1509 1243 1567 et
1266 1525 1380 1586 coepe·

181 1611 260 1670 runt
291 1605 425 1669 mittere
452 1603 529 1669 illos
556 1604 590 1668 iu
618 1603 843 1686 perditionem.
893 1603 976 1668 Cum
1004 1604 1175 1670 audissent
1202 1626 1298 1689 reges
1325 1607 1380 1670 Iu·

182 1706 337 1772 dacorum
370 1725 482 1770 eorum
513 1725 614 1786 opera
644 1710 677 1767 et
708 1704 957 1787 dissipationem
988 1709 1112 1786 terrae,
1148 1706 1247 1770 irruit
1281 1706 1381 1771 timor

184 1832 283 1893 super
306 1830 363 1874 eos
387 1814 420 1873 et
442 1808 567 1873 turbati
590 1813 667 1872 sunt
689 1807 791 1872 valde.
835 1806 930 1872 Tunc
948 1808 1134 1873 Archelaus
1153 1816 1203 1873 est
1224 1809 1381 1873 turbatus

181 1915 219 1980 in
242 1911 451 1978 sermonibus
474 1912 542 1975 suis
566 1915 599 1975 et
614 1910 698 1974 dixit
716 1909 783 1974 filio
806 1931 864 1975 suo
885 1911 962 1999 Fili,
985 1911 1099 1993 accipe
1117 1931 1256 1994 regnum
1273 1932 1382 1976 meum

182 2026 218 2086 et
239 2017 349 2083 iudica
370 2015 463 2095 illud,
488 2021 520 2081 et
543 2014 752 2097 apprehende
775 2014 948 2079 consilium
972 2036 1046 2080 cum
1069 2014 1144 2079 aliis
1166 2014 1303 2097 regibus
1326 2016 1382 2098 qui

184 2128 262 2188 sunt
284 2122 318 2185 in
340 2126 430 2184 terra
447 2117 540 2195 Iuda,
565 2121 601 2180 ut
622 2117 758 2198 possitis
782 2116 918 2181 evadere
942 2117 982 2182 de
1004 2116 1146 2181 inimicis
1169 2117 1302 2182 nostris.
1338 2116 1383 2181 Et

183 2247 259 2294 oum
289 2225 352 2289 hoc
383 2221 532 2301 dixisset,
565 2220 750 2303 evaginavit
781 2219 926 2302 gladium
959 2240 1053 2284 suum
1085 2226 1118 2285 et
1148 2221 1303 2286 incubuit
1334 2242 1385 2285 su·

183 2351 244 2413 per
274 2347 361 2404 eum,
393 2329 427 2388 et
453 2322 545 2387 flexit
573 2322 718 2405 gladium
747 2343 842 2385 suum
871 2322 1098 2387 acutissimum
1126 2327 1160 2387 et
1186 2323 1330 2387 inseruit
1351 2323 1383 2386 in

183 2436 317 2516 pectore
350 2448 425 2509 suo,
457 2431 490 2490 et
521 2425 585 2490 luit
615 2431 772 2490 mortuus.
818 2425 844 2465 ¹³
865 2423 973 2488 Filius
1005 2429 1113 2489 autem
1146 2425 1319 2509 coniungit
1351 2446 1383 2489 se

184 2556 259 2598 cum
283 2531 357 2597 aliis
381 2528 513 2612 regibus
537 2528 593 2611 qui
617 2527 676 2592 sub
701 2528 773 2612 ipsc
797 2531 906 2608 erant,
933 2531 967 2591 et
988 2531 1186 2610 acceperunt
1209 2526 1382 2591 consilium

188 2676 268 2684 -οη
275 2673 400 2681 .——-.—-

184 2759 260 2809 ASsx
275 2757 347 2806 dilus
363 2755 494 2818 respondit
511 2755 535 2802 ei
552 2758 578 2803 et
590 2754 658 2803 dixit
672 2754 718 2812 Oi,
737 2754 798 2817 quid
816 2768 865 2802 mos
883 2753 1029 2802 cmidsras
1046 2754 1074 2801 is
1092 2753 1239 2811 cordetuo,
1258 2757 1283 2801 is
1295 2751 1384 2801 debers

184 2844 288 2892 ersdsrs
310 2843 337 2889 is
359 2843 549 2904 armipotentum
569 2840 642 2887 deum
664 2842 689 2888 st
711 2841 792 2888 cisum
811 2843 927 2902 patrem,
950 2843 975 2887 ei
992 2839 1114 2901 quomodo
1132 2837 1251 2887 edraim·
1270 2838 1384 2887 Christus

178 2928 256 2990 filius
273 2929 315 2977 dei
332 2931 408 2975 motus
425 2930 483 2975 erat
500 2927 526 2974 im
544 2927 651 2980 ludusa,
669 2926 696 2973 im
714 2926 823 2974 Iudaica
841 2926 946 2974 civitate
960 2923 1098 2980 Bethleem,
1116 2927 1142 2972 ei
1158 2924 1281 2987 quomodo
1293 2924 1384 2972 ludaei

177 3015 382 3081 flayeliusmmt
405 3028 459 3060 eum
483 3015 507 3059 et
531 3010 713 3075 suspenderam
730 3011 757 3059 in
775 3026 860 3068 cruce,
882 3026 931 3072 per
949 3009 1083 3066 insidiam,
1108 3012 1133 3057 ei
1150 3008 1273 3071 quomodo
1293 3013 1383 3071 postes

185 3099 333 3149 semeriis
350 3097 457 3146 mortuis
473 3098 553 3145 tortio
570 3097 624 3152 ἀὼς
649 3101 674 3144 et
691 3095 813 3157 discipuli
834 3097 887 3144 eius
909 3099 934 3144 si
953 3095 1044 3157 plures
1066 3093 1115 3143 aiii
1133 3095 1244 3158 posthae
1267 3093 1384 3141 visen-s

185 3201 239 3234 sum
258 3185 284 3232 im
302 3184 388 3232 eadem
406 3198 483 3230 carne
501 3182 526 3230 in
545 3197 595 3245 qua
613 3185 670 3229 erat
694 3184 784 3236 ostem
808 3184 834 3229 si
855 3181 927 3229 istra
945 3180 1119 3243 quadruplicia
1140 3180 1196 3228 dies
1215 3182 1277 3243 post
1300 3192 1384 3226 resur·

184 3271 320 3320 rectionem
332 3283 403 3316 mam
416 3269 484 3316 visus
498 3271 536 3316 esi
547 3266 682 3330 discipulis
699 3267 759 3323 mmo,
778 3269 803 3314 et
820 3266 841 3314 ii
857 3280 942 3314 cmm
958 3249 1076 3313 ciderunt
1093 3264 1136 3312 aii
1153 3265 1269 3312 asc-mid&
1287 3266 1315 3312 in
1332 3278 1383 3312 cos·

185 3357 237 3406 lam
260 3371 313 3405 cum
335 3370 429 3418 mapsa
448 3356 583 3417 potestate.
620 3355 704 3416 Atque
725 3367 769 3416 epo
791 3353 843 3401 scio
866 3367 920 3400 eum
943 3367 995 3400 esse
1017 3365 1101 3399 oerum
1123 3350 1203 3398 deum
1243 3350 1295 3398 Sed
1318 3351 1383 3406 sesi,

183 3443 277 3503 fiamus
298 3441 369 3490 ambo
390 3441 444 3488 eius
460 3438 593 3502 discipuli,
616 3442 641 3486 st
658 3453 743 3486 eamus
760 3441 785 3486 et
802 3437 956 3486 ulciscamur
972 3451 1027 3485 eum
1043 3437 1070 3483 et
1085 3434 1213 3483 demamus
1231 3449 1316 3483 smus
1332 3435 1385 3482 sins

185 3529 300 3578 inimicos
317 3528 348 3576 ds
366 3526 425 3574 oica
443 3529 527 3581 mmo,
549 3528 578 3572 sit
595 3538 677 3572 ommes
694 3523 811 3570 sationes
827 3522 854 3569 im
871 3524 997 3584 posterum
1016 3522 1168 3583 sommam
1187 3523 1213 3568 ei
1235 3523 1383 3582 αριστοπη,

184 3629 307 3678 nusquam
324 3613 351 3660 im
369 3611 447 3660 terris
464 3609 569 3658 similem
587 3609 641 3657 sius
658 3622 804 3672 quemquam
821 3606 980 3669 apparuisse.

275 3710 316 3756 12.
353 3704 463 3754 Consilio
488 3708 569 3752 auum
592 3703 656 3751 inito
681 3701 760 3763 (hsce
785 3717 816 3751 ex
840 3701 906 3750 Arnb
931 3701 1008 3758 suut3
1038 3698 1095 3748 Van
1119 3702 1244 3762 corrupto
1268 3698 1309 3746 ull
1334 3697 1385 3746 nisi

188 3792 270 3858 Nulo)
288 3818 298 3828 ·
317 3808 380 3856 quas
402 3791 498 3839 dicitur
515 3788 675 3851 Burpidalla
693 3787 771 3850 (Αωὶ)
790 3787 919 3851 turpidal)
937 3812 947 3822 ·
965 3791 1023 3836 sunt
1046 3785 1133 3834 naides
1157 3784 1284 3834 similiter
1302 3782 1385 3840 ASsx,

187 3879 239 3929 uisi
259 3879 330 3942 quod
348 3893 402 3928 non
422 3878 504 3927 hsbut
522 3891 585 3939 quas
607 3875 659 3924 dis.
680 3875 789 3938 Burpid.
814 3878 818 3917 Ι
846 3873 913 3922 iaso
931 3872 1075 3921 Archelaus
1095 3876 1153 3921 etos
1182 3870 1257 3920 ASsx
1278 3870 1317 3919 Ei
1334 3869 1385 3919 Hs·

185 3965 262 4014 rodes
284 3981 331 4014 ree
354 3965 392 4012 ita
414 3964 559 4025 timefactus
582 3964 620 4009 est
643 3965 670 4009 ut
692 3961 789 4009 diversi
810 3959 938 4008 Archelao
958 3958 1020 4024 filio
1044 3972 1088 4007 σιω
1112 3962 1155 4007 etc
1180 3954 1184 4020 Ι
1208 3956 1297 4006 iudica
1319 3955 1386 4003 iilud

188 4066 220 4100 ex
239 4052 317 4108 Amb;
337 4050 394 4097 Ven
412 4049 499 4096 iudico
517 4062 571 4095 sum
586 4046 590 4106 Ι
605 4046 750 4108 eoapisasit
767 4074 777 4084 ·
794 4048 908 4093 mortuas
925 4059 957 4093 ex
971 4043 1042 4102 Ven3
1061 4042 1128 4092 sub
1146 4042 1305 4092 cumulavit
1324 4041 1386 4102 (sic)

188 4135 302 4184 lanceam
323 4149 394 4182 sumn
415 4136 439 4182 et
455 4131 520 4192 fixit
541 4147 595 4180 eam
616 4131 642 4179 is
662 4134 745 4187 lma,
767 4134 793 4179 si
809 4131 917 4179 inclusit
935 4146 961 4179 ss
978 4144 1055 4194 super
1071 4144 1126 4178 sam
1143 4132 1169 4177 st
1186 4129 1310 4177 mortuus.
1347 4125 1386 4175 si·

188 4219 289 4268 militar
307 4218 390 4268 ASsx.

276 4307 316 4353 1³.
355 4304 437 4353 lilius
460 4307 542 4351 sutem
567 4331 577 4341 ·
600 4303 773 4351 conduxerunt
796 4301 860 4364 (sic;
889 4300 981 4349 deesse
1006 4300 1109 4366 aliquid
1134 4296 1254 4360 videtur)
1280 4322 1292 4334 ·
1316 4298 1391 4346 mnis

188 4393 294 4452 sepiem·
318 4389 392 4438 ASax
413 4389 451 4437 Bt
472 4387 616 4437 Archelaus
631 4387 708 4453 filius
730 4388 783 4436 sius
806 4387 874 4435 venit
896 4401 951 4434 essm
975 4385 1037 4435 aliis
1059 4385 1162 4450 rupibus
1182 4385 1227 4448 qni
1247 4382 1391 4448 remissi
